,Time,Price,Volume
0,2021-07-16 14:45:16,1440.0,251674.0
1,2021-07-16 14:30:02,1438.0,246658.0
2,2021-07-16 14:29:57,1437.5,246560.0
3,2021-07-16 14:29:53,1438.1,246392.0
4,2021-07-16 14:29:49,1438.0,246294.0
5,2021-07-16 14:29:45,1438.1,246141.0
6,2021-07-16 14:29:41,1438.0,246028.0
7,2021-07-16 14:29:37,1438.3,245910.0
8,2021-07-16 14:29:34,1439.0,245767.0
9,2021-07-16 14:29:30,1439.3,245684.0
10,2021-07-16 14:29:26,1439.1,245650.0
11,2021-07-16 14:29:23,1439.3,245492.0
12,2021-07-16 14:29:19,1439.0,245377.0
13,2021-07-16 14:29:11,1439.5,245231.0
14,2021-07-16 14:29:08,1439.0,245137.0
15,2021-07-16 14:29:04,1439.2,244939.0
16,2021-07-16 14:28:59,1439.2,244889.0
17,2021-07-16 14:28:56,1439.2,244883.0
18,2021-07-16 14:28:53,1439.2,244846.0
19,2021-07-16 14:28:49,1439.3,244806.0
20,2021-07-16 14:28:45,1439.2,244776.0
21,2021-07-16 14:28:37,1439.3,244721.0
22,2021-07-16 14:28:34,1439.3,244636.0
23,2021-07-16 14:28:30,1439.1,244528.0
24,2021-07-16 14:28:23,1438.8,244490.0
25,2021-07-16 14:28:20,1439.0,244443.0
26,2021-07-16 14:28:16,1438.8,244416.0
27,2021-07-16 14:28:12,1439.0,244405.0
28,2021-07-16 14:28:08,1439.0,244345.0
29,2021-07-16 14:28:04,1439.0,244301.0
30,2021-07-16 14:28:00,1439.3,244191.0
31,2021-07-16 14:27:57,1439.0,244172.0
32,2021-07-16 14:27:53,1439.3,244057.0
33,2021-07-16 14:27:50,1439.8,244039.0
34,2021-07-16 14:27:46,1439.3,243993.0
35,2021-07-16 14:27:42,1439.7,243985.0
36,2021-07-16 14:27:38,1439.5,243982.0
37,2021-07-16 14:27:34,1439.8,243935.0
38,2021-07-16 14:27:30,1439.8,243920.0
39,2021-07-16 14:27:26,1439.1,243897.0
40,2021-07-16 14:27:22,1439.0,243874.0
41,2021-07-16 14:27:18,1438.7,243827.0
42,2021-07-16 14:27:13,1438.9,243795.0
43,2021-07-16 14:27:09,1438.8,243774.0
44,2021-07-16 14:27:06,1438.5,243705.0
45,2021-07-16 14:27:02,1440.0,243685.0
46,2021-07-16 14:26:58,1439.5,243550.0
47,2021-07-16 14:26:54,1439.1,243514.0
48,2021-07-16 14:26:51,1439.5,243484.0
49,2021-07-16 14:26:47,1439.3,243471.0
50,2021-07-16 14:26:43,1439.5,243438.0
51,2021-07-16 14:26:39,1439.3,243413.0
52,2021-07-16 14:26:35,1439.5,243367.0
53,2021-07-16 14:26:31,1440.6,243284.0
54,2021-07-16 14:26:28,1440.7,243232.0
55,2021-07-16 14:26:23,1440.6,243135.0
56,2021-07-16 14:26:19,1440.5,243080.0
57,2021-07-16 14:26:16,1440.2,243013.0
58,2021-07-16 14:26:13,1440.0,242957.0
59,2021-07-16 14:26:09,1440.0,242939.0
60,2021-07-16 14:26:05,1439.5,242830.0
61,2021-07-16 14:26:01,1439.5,242815.0
62,2021-07-16 14:25:57,1439.1,242753.0
63,2021-07-16 14:25:53,1439.2,242736.0
64,2021-07-16 14:25:50,1439.0,242734.0
65,2021-07-16 14:25:46,1439.5,242682.0
66,2021-07-16 14:25:42,1438.8,242661.0
67,2021-07-16 14:25:39,1439.0,242612.0
68,2021-07-16 14:25:35,1439.5,242526.0
69,2021-07-16 14:25:28,1439.0,242485.0
70,2021-07-16 14:25:25,1439.5,242354.0
71,2021-07-16 14:25:18,1439.3,242145.0
72,2021-07-16 14:25:14,1439.5,242111.0
73,2021-07-16 14:25:10,1439.5,242093.0
74,2021-07-16 14:25:06,1439.7,242062.0
75,2021-07-16 14:24:59,1439.7,242013.0
76,2021-07-16 14:24:55,1439.7,241979.0
77,2021-07-16 14:24:52,1440.0,241945.0
78,2021-07-16 14:24:48,1440.2,241913.0
79,2021-07-16 14:24:41,1440.0,241801.0
80,2021-07-16 14:24:38,1440.3,241717.0
81,2021-07-16 14:24:34,1440.2,241672.0
82,2021-07-16 14:24:31,1440.2,241668.0
83,2021-07-16 14:24:24,1441.0,241584.0
84,2021-07-16 14:24:21,1441.0,241553.0
85,2021-07-16 14:24:17,1441.0,241480.0
86,2021-07-16 14:24:14,1441.0,241424.0
87,2021-07-16 14:24:07,1441.0,241324.0
88,2021-07-16 14:24:04,1441.0,241271.0
89,2021-07-16 14:24:00,1441.4,241244.0
90,2021-07-16 14:23:57,1440.1,241197.0
91,2021-07-16 14:23:53,1441.0,241059.0
92,2021-07-16 14:23:50,1442.0,240948.0
93,2021-07-16 14:23:47,1441.0,240770.0
94,2021-07-16 14:23:43,1440.0,240546.0
95,2021-07-16 14:23:39,1440.5,240469.0
96,2021-07-16 14:23:36,1440.0,240335.0
97,2021-07-16 14:23:33,1439.9,240296.0
98,2021-07-16 14:23:29,1439.7,240237.0
99,2021-07-16 14:23:25,1439.3,240166.0
100,2021-07-16 14:23:22,1439.9,240134.0
101,2021-07-16 14:23:19,1439.3,240111.0
102,2021-07-16 14:23:15,1439.2,240050.0
103,2021-07-16 14:23:09,1439.3,240044.0
104,2021-07-16 14:23:05,1439.0,240011.0
105,2021-07-16 14:23:01,1439.4,239833.0
106,2021-07-16 14:22:58,1439.2,239773.0
107,2021-07-16 14:22:54,1438.5,239698.0
108,2021-07-16 14:22:47,1439.0,239658.0
109,2021-07-16 14:22:44,1438.1,239581.0
110,2021-07-16 14:22:40,1438.0,239561.0
111,2021-07-16 14:22:36,1438.1,239498.0
112,2021-07-16 14:22:33,1438.0,239452.0
113,2021-07-16 14:22:29,1438.0,239341.0
114,2021-07-16 14:22:22,1438.0,239326.0
115,2021-07-16 14:22:18,1438.0,239311.0
116,2021-07-16 14:22:14,1439.0,239144.0
117,2021-07-16 14:22:11,1439.0,239091.0
118,2021-07-16 14:22:07,1439.0,239058.0
119,2021-07-16 14:22:04,1438.9,239052.0
120,2021-07-16 14:22:01,1439.1,239025.0
121,2021-07-16 14:21:56,1438.9,238980.0
122,2021-07-16 14:21:53,1439.3,238921.0
123,2021-07-16 14:21:50,1439.2,238894.0
124,2021-07-16 14:21:46,1439.1,238744.0
125,2021-07-16 14:21:42,1439.5,238697.0
126,2021-07-16 14:21:38,1438.9,238614.0
127,2021-07-16 14:21:35,1438.9,238544.0
128,2021-07-16 14:21:31,1438.0,238343.0
129,2021-07-16 14:21:28,1438.0,238264.0
130,2021-07-16 14:21:24,1437.6,238025.0
131,2021-07-16 14:21:21,1438.0,237978.0
132,2021-07-16 14:21:17,1438.1,237786.0
133,2021-07-16 14:21:13,1438.3,237626.0
134,2021-07-16 14:21:10,1438.0,237389.0
135,2021-07-16 14:21:06,1438.3,237182.0
136,2021-07-16 14:21:02,1438.2,237098.0
137,2021-07-16 14:20:58,1438.5,236899.0
138,2021-07-16 14:20:55,1438.5,236806.0
139,2021-07-16 14:20:48,1439.1,236303.0
140,2021-07-16 14:20:44,1439.2,236162.0
141,2021-07-16 14:20:37,1439.0,235867.0
142,2021-07-16 14:20:33,1439.4,235842.0
143,2021-07-16 14:20:29,1439.2,235792.0
144,2021-07-16 14:20:26,1439.2,235745.0
145,2021-07-16 14:20:22,1439.9,235646.0
146,2021-07-16 14:20:18,1439.6,235542.0
147,2021-07-16 14:20:11,1439.9,235466.0
148,2021-07-16 14:20:07,1439.9,235424.0
149,2021-07-16 14:20:04,1440.0,235397.0
150,2021-07-16 14:20:01,1439.9,235355.0
151,2021-07-16 14:19:57,1439.9,235340.0
152,2021-07-16 14:19:54,1439.9,235303.0
153,2021-07-16 14:19:50,1439.5,235250.0
154,2021-07-16 14:19:46,1440.7,235211.0
155,2021-07-16 14:19:38,1439.0,235111.0
156,2021-07-16 14:19:32,1440.0,234844.0
157,2021-07-16 14:19:28,1439.5,234791.0
158,2021-07-16 14:19:25,1439.7,234761.0
159,2021-07-16 14:19:21,1439.5,234706.0
160,2021-07-16 14:19:17,1439.8,234676.0
161,2021-07-16 14:19:13,1439.8,234649.0
162,2021-07-16 14:19:10,1439.8,234606.0
163,2021-07-16 14:19:06,1439.7,234597.0
164,2021-07-16 14:19:00,1440.0,234498.0
165,2021-07-16 14:18:56,1440.0,234420.0
166,2021-07-16 14:18:53,1440.2,234398.0
167,2021-07-16 14:18:49,1440.0,234383.0
168,2021-07-16 14:18:45,1439.9,234304.0
169,2021-07-16 14:18:42,1440.0,234280.0
170,2021-07-16 14:18:38,1440.0,234206.0
171,2021-07-16 14:18:31,1440.0,234157.0
172,2021-07-16 14:18:28,1440.2,234099.0
173,2021-07-16 14:18:24,1439.3,234008.0
174,2021-07-16 14:18:18,1440.0,233942.0
175,2021-07-16 14:18:14,1439.3,233903.0
176,2021-07-16 14:18:11,1439.4,233696.0
177,2021-07-16 14:18:07,1439.3,233684.0
178,2021-07-16 14:18:03,1439.3,233617.0
179,2021-07-16 14:18:00,1439.1,233519.0
180,2021-07-16 14:17:56,1438.8,233372.0
181,2021-07-16 14:17:53,1438.7,233340.0
182,2021-07-16 14:17:49,1439.0,233217.0
183,2021-07-16 14:17:46,1438.7,233143.0
184,2021-07-16 14:17:42,1439.4,232991.0
185,2021-07-16 14:17:38,1439.4,232852.0
186,2021-07-16 14:17:35,1439.2,232794.0
187,2021-07-16 14:17:31,1439.4,232665.0
188,2021-07-16 14:17:28,1439.4,232643.0
189,2021-07-16 14:17:24,1439.5,232552.0
190,2021-07-16 14:17:20,1439.5,232435.0
191,2021-07-16 14:17:16,1440.0,232420.0
192,2021-07-16 14:17:08,1440.0,231962.0
193,2021-07-16 14:17:01,1440.0,231762.0
194,2021-07-16 14:16:54,1440.1,231630.0
195,2021-07-16 14:16:50,1440.3,231556.0
196,2021-07-16 14:16:47,1440.3,231477.0
197,2021-07-16 14:16:44,1440.5,231386.0
198,2021-07-16 14:16:37,1440.7,231324.0
199,2021-07-16 14:16:34,1440.7,231274.0
200,2021-07-16 14:16:31,1440.8,231244.0
201,2021-07-16 14:16:24,1441.5,231178.0
202,2021-07-16 14:16:21,1441.2,231105.0
203,2021-07-16 14:16:18,1441.0,231089.0
204,2021-07-16 14:16:15,1441.2,231008.0
205,2021-07-16 14:16:11,1441.3,230980.0
206,2021-07-16 14:16:07,1442.0,230927.0
207,2021-07-16 14:16:03,1442.0,230903.0
208,2021-07-16 14:16:00,1442.2,230819.0
209,2021-07-16 14:15:56,1442.0,230783.0
210,2021-07-16 14:15:53,1442.2,230694.0
211,2021-07-16 14:15:50,1442.2,230656.0
212,2021-07-16 14:15:47,1442.3,230636.0
213,2021-07-16 14:15:43,1442.2,230612.0
214,2021-07-16 14:15:39,1442.3,230566.0
215,2021-07-16 14:15:35,1442.2,230514.0
216,2021-07-16 14:15:31,1442.3,230340.0
217,2021-07-16 14:15:27,1442.8,230316.0
218,2021-07-16 14:15:24,1442.2,230290.0
219,2021-07-16 14:15:21,1442.8,230238.0
220,2021-07-16 14:15:17,1442.2,230158.0
221,2021-07-16 14:15:14,1443.0,229973.0
222,2021-07-16 14:15:10,1443.1,229865.0
223,2021-07-16 14:15:07,1442.9,229655.0
224,2021-07-16 14:15:03,1443.0,229470.0
225,2021-07-16 14:14:56,1442.9,229330.0
226,2021-07-16 14:14:52,1442.1,229266.0
227,2021-07-16 14:14:44,1442.0,229184.0
228,2021-07-16 14:14:40,1441.3,229069.0
229,2021-07-16 14:14:37,1441.9,229031.0
230,2021-07-16 14:14:34,1441.3,229004.0
231,2021-07-16 14:14:30,1441.3,228951.0
232,2021-07-16 14:14:26,1441.0,228936.0
233,2021-07-16 14:14:23,1441.1,228903.0
234,2021-07-16 14:14:19,1441.0,228786.0
235,2021-07-16 14:14:12,1441.0,228671.0
236,2021-07-16 14:14:09,1440.7,228639.0
237,2021-07-16 14:14:05,1441.1,228595.0
238,2021-07-16 14:14:01,1441.0,228559.0
239,2021-07-16 14:13:58,1441.1,228476.0
240,2021-07-16 14:13:55,1441.2,228431.0
241,2021-07-16 14:13:48,1440.6,228393.0
242,2021-07-16 14:13:44,1440.3,228370.0
243,2021-07-16 14:13:40,1440.6,227962.0
244,2021-07-16 14:13:37,1440.5,227937.0
245,2021-07-16 14:13:33,1440.8,227898.0
246,2021-07-16 14:13:26,1440.5,227872.0
247,2021-07-16 14:13:22,1440.7,227857.0
248,2021-07-16 14:13:19,1440.5,227807.0
249,2021-07-16 14:13:16,1440.2,227754.0
250,2021-07-16 14:13:12,1440.1,227707.0
251,2021-07-16 14:13:09,1440.1,227695.0
252,2021-07-16 14:13:01,1440.0,227649.0
253,2021-07-16 14:12:58,1440.5,227624.0
254,2021-07-16 14:12:54,1440.0,227566.0
255,2021-07-16 14:12:50,1440.0,227502.0
256,2021-07-16 14:12:46,1439.7,227449.0
257,2021-07-16 14:12:40,1440.0,227320.0
258,2021-07-16 14:12:36,1440.0,227232.0
259,2021-07-16 14:12:33,1440.0,227171.0
260,2021-07-16 14:12:29,1440.0,227088.0
261,2021-07-16 14:12:26,1439.9,227055.0
262,2021-07-16 14:12:18,1440.0,226734.0
263,2021-07-16 14:12:15,1440.6,226671.0
264,2021-07-16 14:12:11,1440.1,226637.0
265,2021-07-16 14:12:08,1440.8,226527.0
266,2021-07-16 14:12:05,1440.5,226432.0
267,2021-07-16 14:12:01,1440.8,226391.0
268,2021-07-16 14:11:58,1441.0,226285.0
269,2021-07-16 14:11:55,1441.2,226256.0
270,2021-07-16 14:11:51,1441.4,226193.0
271,2021-07-16 14:11:48,1441.2,226133.0
272,2021-07-16 14:11:44,1441.6,226074.0
273,2021-07-16 14:11:41,1441.5,226018.0
274,2021-07-16 14:11:38,1441.4,226011.0
275,2021-07-16 14:11:34,1441.4,225982.0
276,2021-07-16 14:11:27,1441.4,225714.0
277,2021-07-16 14:11:20,1441.6,225609.0
278,2021-07-16 14:11:14,1441.5,225279.0
279,2021-07-16 14:11:11,1441.5,225205.0
280,2021-07-16 14:11:05,1440.8,225106.0
281,2021-07-16 14:11:02,1441.4,225068.0
282,2021-07-16 14:10:59,1440.8,225000.0
283,2021-07-16 14:10:55,1440.6,224961.0
284,2021-07-16 14:10:48,1440.8,224816.0
285,2021-07-16 14:10:45,1440.8,224762.0
286,2021-07-16 14:10:39,1440.8,224713.0
287,2021-07-16 14:10:35,1440.8,224627.0
288,2021-07-16 14:10:32,1440.5,224554.0
289,2021-07-16 14:10:29,1440.1,224382.0
290,2021-07-16 14:10:23,1440.1,224360.0
291,2021-07-16 14:10:19,1440.1,224325.0
292,2021-07-16 14:10:16,1440.3,224184.0
293,2021-07-16 14:10:09,1440.7,224051.0
294,2021-07-16 14:10:06,1440.3,224046.0
295,2021-07-16 14:10:03,1440.7,223992.0
296,2021-07-16 14:09:59,1440.7,223760.0
297,2021-07-16 14:09:56,1440.6,223615.0
298,2021-07-16 14:09:52,1440.7,223310.0
299,2021-07-16 14:09:48,1440.9,223189.0
300,2021-07-16 14:09:45,1440.6,223040.0
301,2021-07-16 14:09:41,1440.0,222819.0
302,2021-07-16 14:09:38,1439.7,222674.0
303,2021-07-16 14:09:35,1439.6,222617.0
304,2021-07-16 14:09:32,1439.5,222503.0
305,2021-07-16 14:09:29,1439.5,222422.0
306,2021-07-16 14:09:26,1439.5,222234.0
307,2021-07-16 14:09:22,1439.2,222185.0
308,2021-07-16 14:09:19,1439.5,222146.0
309,2021-07-16 14:09:16,1439.2,222096.0
310,2021-07-16 14:09:13,1439.5,221956.0
311,2021-07-16 14:09:10,1439.5,221908.0
312,2021-07-16 14:09:07,1439.5,221885.0
313,2021-07-16 14:09:04,1439.8,221868.0
314,2021-07-16 14:09:01,1439.1,221813.0
315,2021-07-16 14:08:58,1439.3,221748.0
316,2021-07-16 14:08:54,1439.8,221650.0
317,2021-07-16 14:08:51,1439.5,221585.0
318,2021-07-16 14:08:48,1439.9,221540.0
319,2021-07-16 14:08:45,1439.8,221366.0
320,2021-07-16 14:08:41,1440.0,221271.0
321,2021-07-16 14:08:38,1439.8,221060.0
322,2021-07-16 14:08:35,1439.4,220984.0
323,2021-07-16 14:08:31,1438.6,220843.0
324,2021-07-16 14:08:28,1439.3,220804.0
325,2021-07-16 14:08:25,1438.5,220771.0
326,2021-07-16 14:08:21,1438.4,220720.0
327,2021-07-16 14:08:18,1438.5,220624.0
328,2021-07-16 14:08:11,1438.3,220513.0
329,2021-07-16 14:08:08,1438.4,220455.0
330,2021-07-16 14:08:05,1438.4,220416.0
331,2021-07-16 14:08:02,1438.1,220274.0
332,2021-07-16 14:07:59,1438.3,220198.0
333,2021-07-16 14:07:56,1438.2,220056.0
334,2021-07-16 14:07:53,1438.0,219964.0
335,2021-07-16 14:07:50,1438.0,219840.0
336,2021-07-16 14:07:46,1437.5,219661.0
337,2021-07-16 14:07:43,1437.9,219613.0
338,2021-07-16 14:07:40,1437.2,219500.0
339,2021-07-16 14:07:34,1436.5,219343.0
340,2021-07-16 14:07:31,1436.7,219248.0
341,2021-07-16 14:07:27,1436.2,218766.0
342,2021-07-16 14:07:22,1436.7,218468.0
343,2021-07-16 14:07:12,1436.5,218228.0
344,2021-07-16 14:07:06,1436.2,218058.0
345,2021-07-16 14:07:00,1436.8,217815.0
346,2021-07-16 14:06:57,1437.0,217783.0
347,2021-07-16 14:06:54,1437.0,217652.0
348,2021-07-16 14:06:51,1437.4,217456.0
349,2021-07-16 14:06:45,1437.5,217139.0
350,2021-07-16 14:06:38,1437.0,216934.0
351,2021-07-16 14:06:35,1437.1,216845.0
352,2021-07-16 14:06:32,1438.0,216800.0
353,2021-07-16 14:06:29,1437.9,216439.0
354,2021-07-16 14:06:20,1437.2,215752.0
355,2021-07-16 14:06:12,1438.0,215430.0
356,2021-07-16 14:06:08,1437.4,215336.0
357,2021-07-16 14:06:05,1437.7,215226.0
358,2021-07-16 14:06:02,1438.0,215129.0
359,2021-07-16 14:05:59,1437.7,215024.0
360,2021-07-16 14:05:55,1438.0,214798.0
361,2021-07-16 14:05:52,1438.0,214590.0
362,2021-07-16 14:05:48,1438.3,214423.0
363,2021-07-16 14:05:45,1438.1,214362.0
364,2021-07-16 14:05:42,1438.3,214251.0
365,2021-07-16 14:05:39,1438.5,214176.0
366,2021-07-16 14:05:36,1439.0,214062.0
367,2021-07-16 14:05:29,1439.5,213922.0
368,2021-07-16 14:05:22,1439.5,213803.0
369,2021-07-16 14:05:19,1439.5,213747.0
370,2021-07-16 14:05:16,1439.5,213743.0
371,2021-07-16 14:05:10,1440.0,213451.0
372,2021-07-16 14:05:07,1440.2,213366.0
373,2021-07-16 14:05:01,1440.7,213220.0
374,2021-07-16 14:04:54,1440.9,213065.0
375,2021-07-16 14:04:51,1440.0,212836.0
376,2021-07-16 14:04:45,1439.6,212762.0
377,2021-07-16 14:04:42,1439.7,212726.0
378,2021-07-16 14:04:39,1439.5,212640.0
379,2021-07-16 14:04:35,1439.5,212425.0
380,2021-07-16 14:04:32,1439.5,212352.0
381,2021-07-16 14:04:29,1439.0,212105.0
382,2021-07-16 14:04:22,1438.7,211959.0
383,2021-07-16 14:04:16,1439.0,211714.0
384,2021-07-16 14:04:10,1438.7,211440.0
385,2021-07-16 14:04:07,1439.5,211376.0
386,2021-07-16 14:04:03,1439.2,211126.0
387,2021-07-16 14:04:00,1439.4,211032.0
388,2021-07-16 14:03:57,1439.0,210873.0
389,2021-07-16 14:03:54,1439.5,210838.0
390,2021-07-16 14:03:51,1439.1,210806.0
391,2021-07-16 14:03:49,1439.2,210681.0
392,2021-07-16 14:03:45,1439.5,210625.0
393,2021-07-16 14:03:42,1439.1,210425.0
394,2021-07-16 14:03:39,1439.5,210320.0
395,2021-07-16 14:03:36,1439.0,210263.0
396,2021-07-16 14:03:33,1439.5,210022.0
397,2021-07-16 14:03:29,1439.4,209808.0
398,2021-07-16 14:03:25,1440.0,209699.0
399,2021-07-16 14:03:22,1440.7,209494.0
400,2021-07-16 14:03:19,1440.0,209353.0
401,2021-07-16 14:03:16,1441.0,208876.0
402,2021-07-16 14:03:13,1440.7,208750.0
403,2021-07-16 14:03:11,1440.9,208647.0
404,2021-07-16 14:03:07,1440.9,208345.0
405,2021-07-16 14:03:04,1440.9,208318.0
406,2021-07-16 14:03:01,1440.6,208205.0
407,2021-07-16 14:02:58,1440.9,208188.0
408,2021-07-16 14:02:55,1441.0,208000.0
409,2021-07-16 14:02:52,1440.7,207892.0
410,2021-07-16 14:02:49,1441.0,207806.0
411,2021-07-16 14:02:45,1440.6,207693.0
412,2021-07-16 14:02:43,1441.0,207561.0
413,2021-07-16 14:02:40,1441.5,207267.0
414,2021-07-16 14:02:36,1441.1,207256.0
415,2021-07-16 14:02:30,1441.2,206847.0
416,2021-07-16 14:02:24,1441.2,206611.0
417,2021-07-16 14:02:18,1441.3,206439.0
418,2021-07-16 14:02:15,1441.5,206297.0
419,2021-07-16 14:02:12,1441.6,206240.0
420,2021-07-16 14:02:08,1441.4,205893.0
421,2021-07-16 14:02:05,1441.5,205659.0
422,2021-07-16 14:02:02,1442.1,205594.0
423,2021-07-16 14:01:59,1442.0,205355.0
424,2021-07-16 14:01:56,1442.5,205197.0
425,2021-07-16 14:01:53,1443.6,204965.0
426,2021-07-16 14:01:46,1443.4,204780.0
427,2021-07-16 14:01:41,1443.7,204643.0
428,2021-07-16 14:01:37,1443.9,204535.0
429,2021-07-16 14:01:34,1443.5,204489.0
430,2021-07-16 14:01:28,1444.0,204380.0
431,2021-07-16 14:01:25,1444.4,204357.0
432,2021-07-16 14:01:23,1444.4,204124.0
433,2021-07-16 14:01:17,1444.7,203932.0
434,2021-07-16 14:01:14,1444.5,203870.0
435,2021-07-16 14:01:07,1444.7,203839.0
436,2021-07-16 14:01:04,1444.5,203799.0
437,2021-07-16 14:01:01,1444.8,203786.0
438,2021-07-16 14:00:58,1444.1,203502.0
439,2021-07-16 14:00:52,1444.8,203384.0
440,2021-07-16 14:00:47,1444.1,203264.0
441,2021-07-16 14:00:40,1444.0,203172.0
442,2021-07-16 14:00:34,1443.9,203091.0
443,2021-07-16 14:00:31,1443.5,203050.0
444,2021-07-16 14:00:27,1443.9,202936.0
445,2021-07-16 14:00:21,1443.5,202864.0
446,2021-07-16 14:00:18,1443.9,202815.0
447,2021-07-16 14:00:15,1444.1,202765.0
448,2021-07-16 14:00:12,1443.9,202625.0
449,2021-07-16 14:00:09,1443.0,202425.0
450,2021-07-16 14:00:06,1443.9,202346.0
451,2021-07-16 14:00:03,1444.1,202099.0
452,2021-07-16 14:00:00,1443.5,201998.0
453,2021-07-16 13:59:57,1444.2,201766.0
454,2021-07-16 13:59:54,1443.9,201727.0
455,2021-07-16 13:59:48,1445.0,201189.0
456,2021-07-16 13:59:42,1445.3,200857.0
457,2021-07-16 13:59:37,1446.0,200683.0
458,2021-07-16 13:59:30,1446.0,200541.0
459,2021-07-16 13:59:24,1446.2,200419.0
460,2021-07-16 13:59:20,1446.1,200289.0
461,2021-07-16 13:59:11,1446.0,199971.0
462,2021-07-16 13:59:08,1446.6,199870.0
463,2021-07-16 13:59:02,1446.7,199788.0
464,2021-07-16 13:58:59,1446.7,199701.0
465,2021-07-16 13:58:56,1446.6,199690.0
466,2021-07-16 13:58:53,1446.6,199442.0
467,2021-07-16 13:58:46,1446.6,199207.0
468,2021-07-16 13:58:37,1447.2,199065.0
469,2021-07-16 13:58:34,1447.5,199042.0
470,2021-07-16 13:58:31,1447.9,198754.0
471,2021-07-16 13:58:27,1448.0,198712.0
472,2021-07-16 13:58:24,1447.7,198690.0
473,2021-07-16 13:58:21,1448.0,198497.0
474,2021-07-16 13:58:18,1448.1,198488.0
475,2021-07-16 13:58:14,1448.0,198417.0
476,2021-07-16 13:58:08,1448.1,198322.0
477,2021-07-16 13:58:05,1448.0,198282.0
478,2021-07-16 13:58:02,1448.0,198191.0
479,2021-07-16 13:57:58,1448.0,198165.0
480,2021-07-16 13:57:55,1447.5,198017.0
481,2021-07-16 13:57:51,1447.6,197999.0
482,2021-07-16 13:57:48,1447.5,197963.0
483,2021-07-16 13:57:45,1447.4,197768.0
484,2021-07-16 13:57:42,1447.5,197680.0
485,2021-07-16 13:57:38,1447.5,197586.0
486,2021-07-16 13:57:35,1447.6,197554.0
487,2021-07-16 13:57:32,1447.5,197427.0
488,2021-07-16 13:57:29,1447.5,197347.0
489,2021-07-16 13:57:26,1447.6,197229.0
490,2021-07-16 13:57:23,1447.9,197198.0
491,2021-07-16 13:57:19,1447.8,197155.0
492,2021-07-16 13:57:16,1448.0,197053.0
493,2021-07-16 13:57:13,1448.0,196964.0
494,2021-07-16 13:57:10,1448.0,196828.0
495,2021-07-16 13:57:08,1448.2,196743.0
496,2021-07-16 13:57:04,1448.3,196653.0
497,2021-07-16 13:57:01,1448.1,196615.0
498,2021-07-16 13:56:58,1448.4,196432.0
499,2021-07-16 13:56:55,1448.0,196031.0
500,2021-07-16 13:56:49,1448.6,195926.0
501,2021-07-16 13:56:40,1447.7,195688.0
502,2021-07-16 13:56:34,1448.0,195475.0
503,2021-07-16 13:56:28,1447.6,195407.0
504,2021-07-16 13:56:25,1447.5,195299.0
505,2021-07-16 13:56:22,1447.5,195272.0
506,2021-07-16 13:56:16,1447.5,195146.0
507,2021-07-16 13:56:10,1447.3,195079.0
508,2021-07-16 13:56:07,1447.3,195059.0
509,2021-07-16 13:56:04,1447.4,194994.0
510,2021-07-16 13:56:01,1447.1,194915.0
511,2021-07-16 13:55:58,1447.1,194877.0
512,2021-07-16 13:55:55,1447.1,194804.0
513,2021-07-16 13:55:52,1447.1,194744.0
514,2021-07-16 13:55:49,1447.1,194713.0
515,2021-07-16 13:55:46,1447.3,194698.0
516,2021-07-16 13:55:43,1447.3,194668.0
517,2021-07-16 13:55:41,1447.3,194645.0
518,2021-07-16 13:55:38,1447.5,194533.0
519,2021-07-16 13:55:35,1447.3,194448.0
520,2021-07-16 13:55:32,1447.3,194399.0
521,2021-07-16 13:55:29,1447.3,194083.0
522,2021-07-16 13:55:26,1447.3,193969.0
523,2021-07-16 13:55:23,1447.0,193888.0
524,2021-07-16 13:55:20,1447.4,193679.0
525,2021-07-16 13:55:17,1447.2,193617.0
526,2021-07-16 13:55:14,1447.5,193571.0
527,2021-07-16 13:55:11,1447.5,193522.0
528,2021-07-16 13:55:09,1447.1,193397.0
529,2021-07-16 13:55:06,1447.5,193280.0
530,2021-07-16 13:55:03,1447.6,193259.0
531,2021-07-16 13:55:00,1447.1,193198.0
532,2021-07-16 13:54:57,1447.6,192993.0
533,2021-07-16 13:54:52,1447.4,192788.0
534,2021-07-16 13:54:44,1447.8,192422.0
535,2021-07-16 13:54:38,1447.6,192072.0
536,2021-07-16 13:54:32,1447.6,191896.0
537,2021-07-16 13:54:29,1447.5,191846.0
538,2021-07-16 13:54:26,1447.5,191816.0
539,2021-07-16 13:54:20,1447.5,191560.0
540,2021-07-16 13:54:12,1447.2,191235.0
541,2021-07-16 13:54:09,1447.0,191118.0
542,2021-07-16 13:54:06,1446.8,191052.0
543,2021-07-16 13:54:03,1447.0,190922.0
544,2021-07-16 13:54:00,1446.8,190653.0
545,2021-07-16 13:53:58,1447.0,190473.0
546,2021-07-16 13:53:55,1446.0,190239.0
547,2021-07-16 13:53:52,1446.5,190082.0
548,2021-07-16 13:53:49,1446.0,189970.0
549,2021-07-16 13:53:46,1446.0,189717.0
550,2021-07-16 13:53:43,1445.9,189437.0
551,2021-07-16 13:53:41,1446.0,189364.0
552,2021-07-16 13:53:38,1445.1,189075.0
553,2021-07-16 13:53:35,1445.5,188977.0
554,2021-07-16 13:53:33,1445.0,188745.0
555,2021-07-16 13:53:30,1444.9,188663.0
556,2021-07-16 13:53:27,1444.9,188275.0
557,2021-07-16 13:53:24,1444.8,188216.0
558,2021-07-16 13:53:22,1444.6,188059.0
559,2021-07-16 13:53:19,1444.5,188044.0
560,2021-07-16 13:53:16,1444.3,187970.0
561,2021-07-16 13:53:13,1443.8,187879.0
562,2021-07-16 13:53:08,1443.5,187858.0
563,2021-07-16 13:53:05,1443.0,187806.0
564,2021-07-16 13:53:00,1442.6,187763.0
565,2021-07-16 13:52:57,1442.9,187686.0
566,2021-07-16 13:52:51,1442.8,187642.0
567,2021-07-16 13:52:49,1442.9,187620.0
568,2021-07-16 13:52:46,1442.9,187619.0
569,2021-07-16 13:52:43,1442.9,187595.0
570,2021-07-16 13:52:40,1443.3,187495.0
571,2021-07-16 13:52:38,1443.3,187464.0
572,2021-07-16 13:52:32,1443.3,187435.0
573,2021-07-16 13:52:29,1443.3,187414.0
574,2021-07-16 13:52:24,1443.3,187405.0
575,2021-07-16 13:52:21,1443.3,187402.0
576,2021-07-16 13:52:15,1443.3,187392.0
577,2021-07-16 13:52:12,1443.1,187354.0
578,2021-07-16 13:52:07,1443.3,187345.0
579,2021-07-16 13:52:04,1443.1,187339.0
580,2021-07-16 13:52:02,1443.3,187300.0
581,2021-07-16 13:51:59,1443.0,187274.0
582,2021-07-16 13:51:56,1443.3,187220.0
583,2021-07-16 13:51:54,1443.3,187215.0
584,2021-07-16 13:51:51,1443.3,187211.0
585,2021-07-16 13:51:48,1443.3,187209.0
586,2021-07-16 13:51:46,1443.3,187196.0
587,2021-07-16 13:51:43,1443.1,187175.0
588,2021-07-16 13:51:40,1443.3,187134.0
589,2021-07-16 13:51:38,1443.0,187113.0
590,2021-07-16 13:51:34,1443.3,187003.0
591,2021-07-16 13:51:31,1443.3,186986.0
592,2021-07-16 13:51:29,1443.1,186963.0
593,2021-07-16 13:51:26,1443.0,186920.0
594,2021-07-16 13:51:23,1442.9,186865.0
595,2021-07-16 13:51:20,1443.0,186831.0
596,2021-07-16 13:51:17,1443.0,186813.0
597,2021-07-16 13:51:14,1443.0,186794.0
598,2021-07-16 13:51:11,1443.3,186736.0
599,2021-07-16 13:51:08,1442.6,186709.0
600,2021-07-16 13:51:06,1443.0,186688.0
601,2021-07-16 13:51:03,1443.0,186653.0
602,2021-07-16 13:51:00,1443.0,186544.0
603,2021-07-16 13:50:58,1443.4,186522.0
604,2021-07-16 13:50:55,1443.1,186387.0
605,2021-07-16 13:50:52,1443.2,186344.0
606,2021-07-16 13:50:49,1443.3,186328.0
607,2021-07-16 13:50:46,1443.5,186317.0
608,2021-07-16 13:50:43,1443.5,186287.0
609,2021-07-16 13:50:40,1443.6,186212.0
610,2021-07-16 13:50:37,1444.1,186194.0
611,2021-07-16 13:50:34,1443.8,186154.0
612,2021-07-16 13:50:31,1443.9,186121.0
613,2021-07-16 13:50:27,1444.1,186095.0
614,2021-07-16 13:50:24,1444.1,186016.0
615,2021-07-16 13:50:21,1444.0,185955.0
616,2021-07-16 13:50:18,1444.2,185915.0
617,2021-07-16 13:50:15,1444.1,185899.0
618,2021-07-16 13:50:12,1444.1,185873.0
619,2021-07-16 13:50:09,1444.1,185871.0
620,2021-07-16 13:50:06,1444.0,185850.0
621,2021-07-16 13:50:03,1444.0,185841.0
622,2021-07-16 13:50:00,1444.0,185766.0
623,2021-07-16 13:49:57,1444.0,185748.0
624,2021-07-16 13:49:54,1444.0,185717.0
625,2021-07-16 13:49:51,1444.2,185686.0
626,2021-07-16 13:49:48,1444.0,185615.0
627,2021-07-16 13:49:45,1444.2,185568.0
628,2021-07-16 13:49:42,1444.1,185507.0
629,2021-07-16 13:49:39,1444.1,185482.0
630,2021-07-16 13:49:36,1444.0,185466.0
631,2021-07-16 13:49:33,1444.2,185416.0
632,2021-07-16 13:49:31,1444.4,185409.0
633,2021-07-16 13:49:28,1444.2,185284.0
634,2021-07-16 13:49:25,1444.3,185236.0
635,2021-07-16 13:49:22,1444.3,185163.0
636,2021-07-16 13:49:20,1444.0,185142.0
637,2021-07-16 13:49:17,1444.4,185048.0
638,2021-07-16 13:49:11,1444.5,185029.0
639,2021-07-16 13:49:08,1444.5,184982.0
640,2021-07-16 13:49:03,1444.5,184938.0
641,2021-07-16 13:49:00,1444.5,184926.0
642,2021-07-16 13:48:57,1444.5,184890.0
643,2021-07-16 13:48:55,1444.5,184854.0
644,2021-07-16 13:48:49,1444.5,184733.0
645,2021-07-16 13:48:47,1444.4,184656.0
646,2021-07-16 13:48:41,1444.5,184606.0
647,2021-07-16 13:48:36,1444.4,184580.0
648,2021-07-16 13:48:34,1444.5,184523.0
649,2021-07-16 13:48:28,1444.4,184423.0
650,2021-07-16 13:48:23,1444.4,184408.0
651,2021-07-16 13:48:21,1444.4,184317.0
652,2021-07-16 13:48:18,1444.4,184276.0
653,2021-07-16 13:48:14,1444.3,184222.0
654,2021-07-16 13:48:11,1444.4,184186.0
655,2021-07-16 13:48:06,1444.1,184173.0
656,2021-07-16 13:48:03,1444.2,184160.0
657,2021-07-16 13:48:00,1444.1,184142.0
658,2021-07-16 13:47:57,1444.2,184039.0
659,2021-07-16 13:47:54,1444.5,184034.0
660,2021-07-16 13:47:51,1444.1,184029.0
661,2021-07-16 13:47:48,1444.2,184022.0
662,2021-07-16 13:47:45,1444.0,183933.0
663,2021-07-16 13:47:42,1444.0,183928.0
664,2021-07-16 13:47:39,1443.9,183749.0
665,2021-07-16 13:47:36,1443.9,183744.0
666,2021-07-16 13:47:33,1443.8,183738.0
667,2021-07-16 13:47:31,1443.9,183722.0
668,2021-07-16 13:47:28,1443.6,183707.0
669,2021-07-16 13:47:25,1443.9,183676.0
670,2021-07-16 13:47:23,1443.9,183648.0
671,2021-07-16 13:47:20,1443.9,183634.0
672,2021-07-16 13:47:17,1443.8,183536.0
673,2021-07-16 13:47:11,1443.9,183491.0
674,2021-07-16 13:47:09,1443.9,183457.0
675,2021-07-16 13:47:06,1443.8,183410.0
676,2021-07-16 13:47:00,1443.8,183287.0
677,2021-07-16 13:46:57,1444.0,183262.0
678,2021-07-16 13:46:54,1443.8,183247.0
679,2021-07-16 13:46:51,1443.9,183128.0
680,2021-07-16 13:46:49,1443.8,183098.0
681,2021-07-16 13:46:43,1443.8,183084.0
682,2021-07-16 13:46:40,1444.3,183004.0
683,2021-07-16 13:46:37,1444.3,182992.0
684,2021-07-16 13:46:34,1444.5,182923.0
685,2021-07-16 13:46:31,1444.3,182631.0
686,2021-07-16 13:46:26,1444.6,182526.0
687,2021-07-16 13:46:20,1444.7,182281.0
688,2021-07-16 13:46:14,1444.6,182148.0
689,2021-07-16 13:46:09,1444.7,182000.0
690,2021-07-16 13:46:06,1444.7,181982.0
691,2021-07-16 13:46:03,1444.7,181917.0
692,2021-07-16 13:46:00,1444.5,181696.0
693,2021-07-16 13:45:57,1444.3,181608.0
694,2021-07-16 13:45:55,1444.5,181515.0
695,2021-07-16 13:45:52,1444.3,181498.0
696,2021-07-16 13:45:49,1444.0,181213.0
697,2021-07-16 13:45:47,1443.5,181103.0
698,2021-07-16 13:45:44,1443.6,180941.0
699,2021-07-16 13:45:41,1443.5,180851.0
700,2021-07-16 13:45:38,1443.3,180810.0
701,2021-07-16 13:45:35,1443.3,180777.0
702,2021-07-16 13:45:33,1443.0,180739.0
703,2021-07-16 13:45:30,1443.0,180728.0
704,2021-07-16 13:45:27,1443.2,180691.0
705,2021-07-16 13:45:24,1443.0,180666.0
706,2021-07-16 13:45:21,1443.1,180611.0
707,2021-07-16 13:45:18,1443.0,180555.0
708,2021-07-16 13:45:15,1442.8,180546.0
709,2021-07-16 13:45:13,1442.9,180524.0
710,2021-07-16 13:45:10,1442.9,180503.0
711,2021-07-16 13:45:07,1442.8,180446.0
712,2021-07-16 13:45:04,1443.0,180419.0
713,2021-07-16 13:45:01,1442.8,180392.0
714,2021-07-16 13:44:58,1443.0,180314.0
715,2021-07-16 13:44:55,1442.8,180291.0
716,2021-07-16 13:44:53,1442.8,180255.0
717,2021-07-16 13:44:50,1442.8,180239.0
718,2021-07-16 13:44:46,1442.6,180115.0
719,2021-07-16 13:44:44,1442.8,180086.0
720,2021-07-16 13:44:40,1442.3,180076.0
721,2021-07-16 13:44:37,1442.4,180048.0
722,2021-07-16 13:44:31,1442.0,180017.0
723,2021-07-16 13:44:25,1442.0,179887.0
724,2021-07-16 13:44:22,1442.0,179827.0
725,2021-07-16 13:44:19,1442.0,179788.0
726,2021-07-16 13:44:16,1442.0,179752.0
727,2021-07-16 13:44:13,1442.0,179702.0
728,2021-07-16 13:44:10,1442.1,179603.0
729,2021-07-16 13:44:07,1442.3,179545.0
730,2021-07-16 13:44:04,1442.2,179442.0
731,2021-07-16 13:44:01,1442.3,179402.0
732,2021-07-16 13:43:58,1442.3,179393.0
733,2021-07-16 13:43:54,1442.6,179344.0
734,2021-07-16 13:43:51,1442.5,179314.0
735,2021-07-16 13:43:48,1442.9,179289.0
736,2021-07-16 13:43:46,1442.6,179211.0
737,2021-07-16 13:43:43,1443.0,179172.0
738,2021-07-16 13:43:40,1442.9,179145.0
739,2021-07-16 13:43:38,1443.0,179120.0
740,2021-07-16 13:43:35,1443.0,179109.0
741,2021-07-16 13:43:32,1443.0,179067.0
742,2021-07-16 13:43:29,1443.0,179057.0
743,2021-07-16 13:43:26,1443.0,178957.0
744,2021-07-16 13:43:24,1443.0,178940.0
745,2021-07-16 13:43:18,1443.0,178878.0
746,2021-07-16 13:43:13,1443.0,178747.0
747,2021-07-16 13:43:07,1443.0,178642.0
748,2021-07-16 13:43:03,1443.0,178492.0
749,2021-07-16 13:43:00,1443.3,178383.0
750,2021-07-16 13:42:55,1443.0,178295.0
751,2021-07-16 13:42:49,1443.1,178224.0
752,2021-07-16 13:42:46,1443.0,178076.0
753,2021-07-16 13:42:40,1443.1,178001.0
754,2021-07-16 13:42:36,1443.0,177944.0
755,2021-07-16 13:42:33,1443.1,177905.0
756,2021-07-16 13:42:30,1443.4,177873.0
757,2021-07-16 13:42:27,1443.4,177803.0
758,2021-07-16 13:42:21,1443.0,177800.0
759,2021-07-16 13:42:19,1443.7,177753.0
760,2021-07-16 13:42:14,1443.0,177726.0
761,2021-07-16 13:42:08,1443.5,177600.0
762,2021-07-16 13:42:06,1443.3,177561.0
763,2021-07-16 13:42:03,1443.5,177546.0
764,2021-07-16 13:42:01,1443.5,177532.0
765,2021-07-16 13:41:58,1443.4,177480.0
766,2021-07-16 13:41:55,1443.3,177460.0
767,2021-07-16 13:41:53,1443.5,177450.0
768,2021-07-16 13:41:50,1443.1,177428.0
769,2021-07-16 13:41:48,1443.0,177423.0
770,2021-07-16 13:41:44,1443.0,177397.0
771,2021-07-16 13:41:41,1443.4,177351.0
772,2021-07-16 13:41:38,1443.0,177281.0
773,2021-07-16 13:41:35,1442.9,177279.0
774,2021-07-16 13:41:32,1442.9,177277.0
775,2021-07-16 13:41:29,1442.8,177224.0
776,2021-07-16 13:41:24,1442.7,177198.0
777,2021-07-16 13:41:21,1442.7,177184.0
778,2021-07-16 13:41:18,1442.6,177100.0
779,2021-07-16 13:41:15,1442.7,177001.0
780,2021-07-16 13:41:09,1443.0,176915.0
781,2021-07-16 13:41:05,1443.0,176871.0
782,2021-07-16 13:41:00,1443.5,176788.0
783,2021-07-16 13:40:57,1443.1,176787.0
784,2021-07-16 13:40:54,1443.0,176754.0
785,2021-07-16 13:40:49,1443.0,176666.0
786,2021-07-16 13:40:43,1442.6,176541.0
787,2021-07-16 13:40:41,1442.7,176484.0
788,2021-07-16 13:40:32,1442.6,176447.0
789,2021-07-16 13:40:29,1442.8,176361.0
790,2021-07-16 13:40:23,1442.6,176264.0
791,2021-07-16 13:40:20,1443.0,176152.0
792,2021-07-16 13:40:15,1443.0,176062.0
793,2021-07-16 13:40:09,1443.5,175990.0
794,2021-07-16 13:40:06,1443.3,175921.0
795,2021-07-16 13:40:04,1443.3,175884.0
796,2021-07-16 13:40:01,1443.6,175841.0
797,2021-07-16 13:39:58,1443.6,175748.0
798,2021-07-16 13:39:55,1444.0,175712.0
799,2021-07-16 13:39:53,1444.0,175641.0
800,2021-07-16 13:39:50,1444.0,175573.0
801,2021-07-16 13:39:47,1444.1,175498.0
802,2021-07-16 13:39:44,1444.0,175490.0
803,2021-07-16 13:39:42,1444.1,175439.0
804,2021-07-16 13:39:39,1444.1,175365.0
805,2021-07-16 13:39:37,1444.1,175298.0
806,2021-07-16 13:39:34,1444.5,175233.0
807,2021-07-16 13:39:31,1444.7,175164.0
808,2021-07-16 13:39:28,1444.5,175040.0
809,2021-07-16 13:39:25,1444.9,175006.0
810,2021-07-16 13:39:22,1443.9,174865.0
811,2021-07-16 13:39:19,1445.0,174263.0
812,2021-07-16 13:39:17,1444.9,174178.0
813,2021-07-16 13:39:15,1444.0,174025.0
814,2021-07-16 13:39:12,1444.4,173977.0
815,2021-07-16 13:39:09,1444.0,173822.0
816,2021-07-16 13:39:07,1443.9,173491.0
817,2021-07-16 13:39:04,1444.0,173132.0
818,2021-07-16 13:39:01,1443.9,173100.0
819,2021-07-16 13:38:59,1443.7,173000.0
820,2021-07-16 13:38:55,1443.3,172889.0
821,2021-07-16 13:38:53,1443.2,172876.0
822,2021-07-16 13:38:50,1443.0,172832.0
823,2021-07-16 13:38:47,1442.7,172723.0
824,2021-07-16 13:38:44,1442.6,172716.0
825,2021-07-16 13:38:42,1442.7,172687.0
826,2021-07-16 13:38:39,1442.7,172638.0
827,2021-07-16 13:38:37,1442.7,172608.0
828,2021-07-16 13:38:34,1442.6,172389.0
829,2021-07-16 13:38:31,1442.7,172352.0
830,2021-07-16 13:38:28,1442.6,172343.0
831,2021-07-16 13:38:26,1442.7,172064.0
832,2021-07-16 13:38:23,1442.8,172023.0
833,2021-07-16 13:38:20,1442.7,172018.0
834,2021-07-16 13:38:17,1442.7,172016.0
835,2021-07-16 13:38:14,1442.6,171845.0
836,2021-07-16 13:38:11,1442.9,171816.0
837,2021-07-16 13:38:09,1442.9,171786.0
838,2021-07-16 13:38:05,1442.2,171713.0
839,2021-07-16 13:38:03,1442.5,171636.0
840,2021-07-16 13:38:00,1442.2,171608.0
841,2021-07-16 13:37:57,1442.2,171535.0
842,2021-07-16 13:37:54,1442.1,171457.0
843,2021-07-16 13:37:51,1442.1,171447.0
844,2021-07-16 13:37:48,1442.0,171418.0
845,2021-07-16 13:37:46,1442.1,171346.0
846,2021-07-16 13:37:43,1442.5,171322.0
847,2021-07-16 13:37:40,1442.0,171306.0
848,2021-07-16 13:37:38,1442.6,171289.0
849,2021-07-16 13:37:35,1442.5,171248.0
850,2021-07-16 13:37:33,1442.4,171187.0
851,2021-07-16 13:37:30,1442.7,170990.0
852,2021-07-16 13:37:28,1442.6,170903.0
853,2021-07-16 13:37:25,1442.4,170865.0
854,2021-07-16 13:37:23,1442.6,170790.0
855,2021-07-16 13:37:20,1442.4,170762.0
856,2021-07-16 13:37:15,1442.6,170692.0
857,2021-07-16 13:37:12,1442.7,170681.0
858,2021-07-16 13:37:09,1442.6,170611.0
859,2021-07-16 13:37:04,1443.0,170460.0
860,2021-07-16 13:36:59,1442.8,170406.0
861,2021-07-16 13:36:56,1442.7,170367.0
862,2021-07-16 13:36:54,1442.7,170295.0
863,2021-07-16 13:36:48,1442.7,170147.0
864,2021-07-16 13:36:43,1443.0,170066.0
865,2021-07-16 13:36:37,1442.9,169951.0
866,2021-07-16 13:36:31,1443.1,169754.0
867,2021-07-16 13:36:24,1443.0,169661.0
868,2021-07-16 13:36:21,1443.1,169494.0
869,2021-07-16 13:36:19,1443.0,169465.0
870,2021-07-16 13:36:16,1443.4,169067.0
871,2021-07-16 13:36:08,1443.0,168860.0
872,2021-07-16 13:36:06,1443.5,168768.0
873,2021-07-16 13:36:03,1443.0,168605.0
874,2021-07-16 13:36:00,1443.0,168304.0
875,2021-07-16 13:35:57,1442.8,168173.0
876,2021-07-16 13:35:54,1442.3,167890.0
877,2021-07-16 13:35:51,1442.3,167861.0
878,2021-07-16 13:35:48,1441.7,167532.0
879,2021-07-16 13:35:46,1441.7,167524.0
880,2021-07-16 13:35:43,1441.3,167450.0
881,2021-07-16 13:35:40,1441.7,167360.0
882,2021-07-16 13:35:38,1441.3,167300.0
883,2021-07-16 13:35:35,1441.5,167258.0
884,2021-07-16 13:35:32,1441.3,167144.0
885,2021-07-16 13:35:29,1441.5,167085.0
886,2021-07-16 13:35:26,1441.2,167024.0
887,2021-07-16 13:35:24,1441.0,166951.0
888,2021-07-16 13:35:21,1440.5,166831.0
889,2021-07-16 13:35:18,1440.2,166757.0
890,2021-07-16 13:35:16,1439.9,166673.0
891,2021-07-16 13:35:10,1439.7,166637.0
892,2021-07-16 13:35:05,1439.8,166632.0
893,2021-07-16 13:35:03,1439.6,166625.0
894,2021-07-16 13:35:00,1439.7,166616.0
895,2021-07-16 13:34:58,1440.0,166538.0
896,2021-07-16 13:34:50,1439.7,166345.0
897,2021-07-16 13:34:47,1439.8,166278.0
898,2021-07-16 13:34:45,1440.0,166211.0
899,2021-07-16 13:34:42,1440.0,166189.0
900,2021-07-16 13:34:39,1440.0,166074.0
901,2021-07-16 13:34:34,1440.0,166067.0
902,2021-07-16 13:34:32,1439.8,165984.0
903,2021-07-16 13:34:26,1439.3,165906.0
904,2021-07-16 13:34:21,1439.3,165865.0
905,2021-07-16 13:34:16,1439.3,165837.0
906,2021-07-16 13:34:13,1439.3,165748.0
907,2021-07-16 13:34:11,1439.3,165741.0
908,2021-07-16 13:34:07,1439.2,165722.0
909,2021-07-16 13:34:05,1439.0,165707.0
910,2021-07-16 13:34:02,1438.6,165663.0
911,2021-07-16 13:33:59,1438.7,165657.0
912,2021-07-16 13:33:56,1438.5,165635.0
913,2021-07-16 13:33:53,1438.5,165625.0
914,2021-07-16 13:33:50,1438.5,165549.0
915,2021-07-16 13:33:47,1438.6,165529.0
916,2021-07-16 13:33:45,1438.2,165514.0
917,2021-07-16 13:33:42,1438.4,165440.0
918,2021-07-16 13:33:40,1438.3,165393.0
919,2021-07-16 13:33:37,1438.5,165378.0
920,2021-07-16 13:33:35,1438.2,165370.0
921,2021-07-16 13:33:32,1438.3,165338.0
922,2021-07-16 13:33:30,1438.5,165285.0
923,2021-07-16 13:33:27,1438.2,165278.0
924,2021-07-16 13:33:24,1438.6,165245.0
925,2021-07-16 13:33:21,1438.2,165213.0
926,2021-07-16 13:33:18,1438.6,165177.0
927,2021-07-16 13:33:16,1438.5,165164.0
928,2021-07-16 13:33:13,1438.2,165125.0
929,2021-07-16 13:33:10,1438.5,165097.0
930,2021-07-16 13:33:08,1439.0,165075.0
931,2021-07-16 13:33:05,1439.0,165048.0
932,2021-07-16 13:33:02,1439.0,165006.0
933,2021-07-16 13:32:59,1439.0,164997.0
934,2021-07-16 13:32:57,1439.2,164966.0
935,2021-07-16 13:32:54,1439.7,164961.0
936,2021-07-16 13:32:50,1439.2,164953.0
937,2021-07-16 13:32:45,1439.2,164914.0
938,2021-07-16 13:32:42,1439.4,164886.0
939,2021-07-16 13:32:37,1439.2,164863.0
940,2021-07-16 13:32:35,1439.2,164832.0
941,2021-07-16 13:32:29,1439.5,164775.0
942,2021-07-16 13:32:26,1439.5,164764.0
943,2021-07-16 13:32:21,1439.5,164708.0
944,2021-07-16 13:32:18,1439.4,164675.0
945,2021-07-16 13:32:16,1440.0,164662.0
946,2021-07-16 13:32:13,1439.9,164595.0
947,2021-07-16 13:32:10,1439.7,164550.0
948,2021-07-16 13:32:07,1439.4,164525.0
949,2021-07-16 13:32:05,1439.5,164505.0
950,2021-07-16 13:32:02,1439.2,164498.0
951,2021-07-16 13:31:59,1439.5,164444.0
952,2021-07-16 13:31:56,1439.2,164406.0
953,2021-07-16 13:31:53,1439.5,164403.0
954,2021-07-16 13:31:51,1439.5,164372.0
955,2021-07-16 13:31:48,1439.7,164361.0
956,2021-07-16 13:31:46,1439.7,164345.0
957,2021-07-16 13:31:43,1439.9,164299.0
958,2021-07-16 13:31:40,1440.0,164296.0
959,2021-07-16 13:31:38,1440.0,164263.0
960,2021-07-16 13:31:35,1439.5,164184.0
961,2021-07-16 13:31:32,1439.7,164162.0
962,2021-07-16 13:31:29,1440.0,164151.0
963,2021-07-16 13:31:26,1439.4,164097.0
964,2021-07-16 13:31:24,1439.7,164086.0
965,2021-07-16 13:31:18,1439.7,163973.0
966,2021-07-16 13:31:14,1439.5,163941.0
967,2021-07-16 13:31:08,1439.1,163902.0
968,2021-07-16 13:31:05,1439.1,163821.0
969,2021-07-16 13:31:00,1439.1,163799.0
970,2021-07-16 13:30:55,1439.0,163774.0
971,2021-07-16 13:30:53,1438.9,163738.0
972,2021-07-16 13:30:50,1439.0,163708.0
973,2021-07-16 13:30:44,1438.2,163636.0
974,2021-07-16 13:30:39,1438.5,163609.0
975,2021-07-16 13:30:36,1438.5,163594.0
976,2021-07-16 13:30:33,1438.2,163557.0
977,2021-07-16 13:30:29,1438.2,163453.0
978,2021-07-16 13:30:26,1438.5,163413.0
979,2021-07-16 13:30:20,1438.2,163407.0
980,2021-07-16 13:30:15,1438.5,163367.0
981,2021-07-16 13:30:12,1438.4,163360.0
982,2021-07-16 13:30:09,1438.9,163352.0
983,2021-07-16 13:30:06,1438.6,163331.0
984,2021-07-16 13:30:04,1438.8,163328.0
985,2021-07-16 13:30:02,1438.9,163324.0
986,2021-07-16 13:29:59,1439.0,163295.0
987,2021-07-16 13:29:57,1439.0,163293.0
988,2021-07-16 13:29:54,1439.1,163189.0
989,2021-07-16 13:29:52,1439.1,163159.0
990,2021-07-16 13:29:49,1439.1,163155.0
991,2021-07-16 13:29:47,1439.1,163146.0
992,2021-07-16 13:29:44,1439.2,163129.0
993,2021-07-16 13:29:41,1439.1,163126.0
994,2021-07-16 13:29:39,1439.5,163122.0
995,2021-07-16 13:29:36,1439.5,163097.0
996,2021-07-16 13:29:34,1439.5,163090.0
997,2021-07-16 13:29:31,1439.1,163073.0
998,2021-07-16 13:29:29,1439.5,163057.0
999,2021-07-16 13:29:27,1439.1,163055.0
1000,2021-07-16 13:29:24,1439.5,163029.0
1001,2021-07-16 13:29:19,1439.5,162993.0
1002,2021-07-16 13:29:16,1438.9,162953.0
1003,2021-07-16 13:29:14,1439.1,162943.0
1004,2021-07-16 13:29:11,1438.9,162927.0
1005,2021-07-16 13:29:06,1438.5,162869.0
1006,2021-07-16 13:29:04,1438.4,162745.0
1007,2021-07-16 13:28:56,1438.0,162621.0
1008,2021-07-16 13:28:53,1438.0,162589.0
1009,2021-07-16 13:28:51,1438.0,162569.0
1010,2021-07-16 13:28:48,1438.0,162461.0
1011,2021-07-16 13:28:41,1437.7,162258.0
1012,2021-07-16 13:28:36,1438.0,162018.0
1013,2021-07-16 13:28:28,1438.0,161873.0
1014,2021-07-16 13:28:23,1438.4,161662.0
1015,2021-07-16 13:28:21,1438.4,161563.0
1016,2021-07-16 13:28:18,1438.5,161481.0
1017,2021-07-16 13:28:14,1438.5,161451.0
1018,2021-07-16 13:28:11,1438.6,161443.0
1019,2021-07-16 13:28:09,1438.5,161404.0
1020,2021-07-16 13:28:06,1438.5,161358.0
1021,2021-07-16 13:28:03,1438.6,161306.0
1022,2021-07-16 13:28:00,1438.5,161294.0
1023,2021-07-16 13:27:58,1438.6,161287.0
1024,2021-07-16 13:27:55,1438.6,161285.0
1025,2021-07-16 13:27:53,1438.9,161172.0
1026,2021-07-16 13:27:50,1438.9,161148.0
1027,2021-07-16 13:27:48,1439.0,161107.0
1028,2021-07-16 13:27:45,1439.4,161062.0
1029,2021-07-16 13:27:42,1439.3,161036.0
1030,2021-07-16 13:27:39,1439.3,161028.0
1031,2021-07-16 13:27:37,1439.3,161024.0
1032,2021-07-16 13:27:35,1439.3,161015.0
1033,2021-07-16 13:27:32,1438.9,161002.0
1034,2021-07-16 13:27:30,1439.7,160958.0
1035,2021-07-16 13:27:27,1439.3,160936.0
1036,2021-07-16 13:27:24,1439.7,160872.0
1037,2021-07-16 13:27:21,1439.1,160775.0
1038,2021-07-16 13:27:19,1438.9,160743.0
1039,2021-07-16 13:27:17,1438.9,160727.0
1040,2021-07-16 13:27:14,1439.0,160678.0
1041,2021-07-16 13:27:12,1438.6,160599.0
1042,2021-07-16 13:27:10,1438.9,160488.0
1043,2021-07-16 13:27:07,1439.0,160449.0
1044,2021-07-16 13:27:05,1438.7,160407.0
1045,2021-07-16 13:27:02,1439.0,160332.0
1046,2021-07-16 13:27:00,1438.8,160319.0
1047,2021-07-16 13:26:57,1438.9,160301.0
1048,2021-07-16 13:26:55,1438.9,160274.0
1049,2021-07-16 13:26:52,1438.9,160233.0
1050,2021-07-16 13:26:50,1439.0,160153.0
1051,2021-07-16 13:26:47,1439.0,160064.0
1052,2021-07-16 13:26:42,1439.1,159942.0
1053,2021-07-16 13:26:37,1439.0,159742.0
1054,2021-07-16 13:26:31,1439.1,159525.0
1055,2021-07-16 13:26:24,1439.0,159377.0
1056,2021-07-16 13:26:21,1439.2,159358.0
1057,2021-07-16 13:26:18,1439.2,159322.0
1058,2021-07-16 13:26:15,1439.3,159277.0
1059,2021-07-16 13:26:13,1439.3,159268.0
1060,2021-07-16 13:26:10,1439.6,159231.0
1061,2021-07-16 13:26:07,1439.8,159218.0
1062,2021-07-16 13:26:04,1439.9,159055.0
1063,2021-07-16 13:26:02,1440.0,158986.0
1064,2021-07-16 13:25:59,1440.1,158899.0
1065,2021-07-16 13:25:54,1440.0,158891.0
1066,2021-07-16 13:25:51,1440.4,158864.0
1067,2021-07-16 13:25:49,1440.5,158803.0
1068,2021-07-16 13:25:46,1440.4,158787.0
1069,2021-07-16 13:25:43,1440.7,158763.0
1070,2021-07-16 13:25:41,1440.2,158745.0
1071,2021-07-16 13:25:39,1440.9,158726.0
1072,2021-07-16 13:25:36,1440.4,158686.0
1073,2021-07-16 13:25:34,1440.2,158678.0
1074,2021-07-16 13:25:29,1440.2,158623.0
1075,2021-07-16 13:25:23,1440.0,158583.0
1076,2021-07-16 13:25:18,1440.0,158529.0
1077,2021-07-16 13:25:16,1440.0,158515.0
1078,2021-07-16 13:25:13,1440.0,158511.0
1079,2021-07-16 13:25:11,1440.4,158467.0
1080,2021-07-16 13:25:05,1440.0,158382.0
1081,2021-07-16 13:25:03,1440.0,158298.0
1082,2021-07-16 13:24:58,1440.2,158183.0
1083,2021-07-16 13:24:52,1440.0,158177.0
1084,2021-07-16 13:24:48,1440.2,158162.0
1085,2021-07-16 13:24:45,1440.0,158127.0
1086,2021-07-16 13:24:43,1440.4,158048.0
1087,2021-07-16 13:24:38,1440.3,157992.0
1088,2021-07-16 13:24:33,1440.6,157980.0
1089,2021-07-16 13:24:31,1440.5,157949.0
1090,2021-07-16 13:24:26,1440.4,157945.0
1091,2021-07-16 13:24:21,1440.4,157887.0
1092,2021-07-16 13:24:19,1440.2,157863.0
1093,2021-07-16 13:24:17,1440.1,157794.0
1094,2021-07-16 13:24:14,1440.0,157785.0
1095,2021-07-16 13:24:12,1440.0,157734.0
1096,2021-07-16 13:24:09,1440.0,157685.0
1097,2021-07-16 13:24:07,1440.0,157663.0
1098,2021-07-16 13:24:05,1440.1,157627.0
1099,2021-07-16 13:24:02,1440.0,157571.0
1100,2021-07-16 13:24:00,1440.0,157513.0
1101,2021-07-16 13:23:57,1440.2,157407.0
1102,2021-07-16 13:23:54,1440.0,157353.0
1103,2021-07-16 13:23:52,1440.1,157285.0
1104,2021-07-16 13:23:49,1440.2,157262.0
1105,2021-07-16 13:23:47,1440.3,157212.0
1106,2021-07-16 13:23:45,1440.7,157187.0
1107,2021-07-16 13:23:42,1440.7,157175.0
1108,2021-07-16 13:23:40,1440.7,157168.0
1109,2021-07-16 13:23:37,1440.7,157155.0
1110,2021-07-16 13:23:35,1440.7,157102.0
1111,2021-07-16 13:23:32,1440.5,157100.0
1112,2021-07-16 13:23:30,1440.7,157094.0
1113,2021-07-16 13:23:27,1440.8,157088.0
1114,2021-07-16 13:23:25,1441.0,157083.0
1115,2021-07-16 13:23:22,1440.5,157032.0
1116,2021-07-16 13:23:19,1440.6,157017.0
1117,2021-07-16 13:23:15,1440.5,156948.0
1118,2021-07-16 13:23:10,1440.6,156928.0
1119,2021-07-16 13:23:08,1440.5,156920.0
1120,2021-07-16 13:23:05,1440.5,156916.0
1121,2021-07-16 13:23:03,1440.2,156872.0
1122,2021-07-16 13:22:59,1440.8,156762.0
1123,2021-07-16 13:22:54,1440.5,156739.0
1124,2021-07-16 13:22:51,1440.6,156730.0
1125,2021-07-16 13:22:46,1441.0,156723.0
1126,2021-07-16 13:22:43,1440.8,156708.0
1127,2021-07-16 13:22:38,1441.2,156680.0
1128,2021-07-16 13:22:34,1441.0,156670.0
1129,2021-07-16 13:22:31,1441.3,156665.0
1130,2021-07-16 13:22:29,1441.0,156522.0
1131,2021-07-16 13:22:26,1441.5,156470.0
1132,2021-07-16 13:22:20,1441.0,156441.0
1133,2021-07-16 13:22:15,1441.0,156367.0
1134,2021-07-16 13:22:10,1440.9,156235.0
1135,2021-07-16 13:22:08,1440.9,156209.0
1136,2021-07-16 13:22:06,1440.8,156155.0
1137,2021-07-16 13:22:03,1440.9,156132.0
1138,2021-07-16 13:22:01,1440.8,156130.0
1139,2021-07-16 13:21:59,1440.9,156091.0
1140,2021-07-16 13:21:56,1440.8,156086.0
1141,2021-07-16 13:21:54,1440.9,156059.0
1142,2021-07-16 13:21:51,1440.9,156035.0
1143,2021-07-16 13:21:49,1440.9,156025.0
1144,2021-07-16 13:21:47,1440.9,156000.0
1145,2021-07-16 13:21:44,1440.9,155978.0
1146,2021-07-16 13:21:41,1440.8,155952.0
1147,2021-07-16 13:21:39,1440.8,155949.0
1148,2021-07-16 13:21:36,1441.0,155914.0
1149,2021-07-16 13:21:34,1440.8,155884.0
1150,2021-07-16 13:21:31,1441.2,155883.0
1151,2021-07-16 13:21:29,1441.3,155841.0
1152,2021-07-16 13:21:26,1441.2,155831.0
1153,2021-07-16 13:21:24,1441.1,155826.0
1154,2021-07-16 13:21:21,1441.3,155794.0
1155,2021-07-16 13:21:19,1441.5,155777.0
1156,2021-07-16 13:21:17,1441.5,155773.0
1157,2021-07-16 13:21:15,1441.2,155696.0
1158,2021-07-16 13:21:12,1441.3,155673.0
1159,2021-07-16 13:21:10,1441.3,155639.0
1160,2021-07-16 13:21:08,1441.3,155635.0
1161,2021-07-16 13:21:05,1441.3,155624.0
1162,2021-07-16 13:21:00,1441.4,155587.0
1163,2021-07-16 13:20:55,1441.4,155455.0
1164,2021-07-16 13:20:48,1441.4,155367.0
1165,2021-07-16 13:20:45,1441.6,155289.0
1166,2021-07-16 13:20:40,1441.4,155236.0
1167,2021-07-16 13:20:35,1441.8,155110.0
1168,2021-07-16 13:20:33,1441.4,155085.0
1169,2021-07-16 13:20:31,1441.8,155004.0
1170,2021-07-16 13:20:28,1441.8,154907.0
1171,2021-07-16 13:20:26,1441.6,154530.0
1172,2021-07-16 13:20:20,1441.8,154441.0
1173,2021-07-16 13:20:13,1441.8,154321.0
1174,2021-07-16 13:20:09,1441.7,154162.0
1175,2021-07-16 13:20:07,1441.9,154131.0
1176,2021-07-16 13:20:04,1441.8,154074.0
1177,2021-07-16 13:20:02,1441.4,154010.0
1178,2021-07-16 13:20:00,1441.8,153851.0
1179,2021-07-16 13:19:57,1441.4,153762.0
1180,2021-07-16 13:19:55,1441.5,153746.0
1181,2021-07-16 13:19:52,1441.0,153594.0
1182,2021-07-16 13:19:50,1441.0,153544.0
1183,2021-07-16 13:19:48,1440.8,153480.0
1184,2021-07-16 13:19:45,1440.6,153406.0
1185,2021-07-16 13:19:43,1440.6,153390.0
1186,2021-07-16 13:19:40,1440.5,153375.0
1187,2021-07-16 13:19:38,1440.5,153348.0
1188,2021-07-16 13:19:35,1440.4,153204.0
1189,2021-07-16 13:19:33,1440.3,153118.0
1190,2021-07-16 13:19:30,1440.0,153064.0
1191,2021-07-16 13:19:28,1440.0,153037.0
1192,2021-07-16 13:19:26,1440.0,152995.0
1193,2021-07-16 13:19:23,1440.5,152941.0
1194,2021-07-16 13:19:21,1440.0,152910.0
1195,2021-07-16 13:19:18,1440.0,152891.0
1196,2021-07-16 13:19:16,1440.6,152805.0
1197,2021-07-16 13:19:14,1440.7,152778.0
1198,2021-07-16 13:19:09,1439.9,152663.0
1199,2021-07-16 13:19:06,1440.0,152601.0
1200,2021-07-16 13:19:04,1440.6,152305.0
1201,2021-07-16 13:18:57,1440.5,152196.0
1202,2021-07-16 13:18:52,1440.4,152110.0
1203,2021-07-16 13:18:47,1439.9,151928.0
1204,2021-07-16 13:18:41,1439.7,151821.0
1205,2021-07-16 13:18:39,1439.6,151788.0
1206,2021-07-16 13:18:36,1439.5,151787.0
1207,2021-07-16 13:18:34,1439.2,151774.0
1208,2021-07-16 13:18:29,1438.9,151536.0
1209,2021-07-16 13:18:24,1438.4,151485.0
1210,2021-07-16 13:18:20,1438.6,151453.0
1211,2021-07-16 13:18:15,1438.3,151436.0
1212,2021-07-16 13:18:08,1439.0,151316.0
1213,2021-07-16 13:18:06,1439.0,151038.0
1214,2021-07-16 13:18:04,1439.0,151004.0
1215,2021-07-16 13:18:01,1439.2,150890.0
1216,2021-07-16 13:17:59,1439.0,150867.0
1217,2021-07-16 13:17:56,1439.4,150789.0
1218,2021-07-16 13:17:53,1439.0,150787.0
1219,2021-07-16 13:17:51,1439.2,150762.0
1220,2021-07-16 13:17:48,1439.2,150752.0
1221,2021-07-16 13:17:45,1439.2,150748.0
1222,2021-07-16 13:17:43,1439.8,150729.0
1223,2021-07-16 13:17:41,1439.8,150721.0
1224,2021-07-16 13:17:39,1439.2,150690.0
1225,2021-07-16 13:17:36,1439.8,150679.0
1226,2021-07-16 13:17:34,1439.8,150637.0
1227,2021-07-16 13:17:31,1439.8,150614.0
1228,2021-07-16 13:17:29,1439.9,150583.0
1229,2021-07-16 13:17:27,1439.9,150566.0
1230,2021-07-16 13:17:24,1439.8,150528.0
1231,2021-07-16 13:17:22,1439.6,150482.0
1232,2021-07-16 13:17:19,1439.7,150474.0
1233,2021-07-16 13:17:17,1439.8,150448.0
1234,2021-07-16 13:17:14,1439.5,150416.0
1235,2021-07-16 13:17:12,1439.7,150299.0
1236,2021-07-16 13:17:09,1439.1,150173.0
1237,2021-07-16 13:17:07,1439.1,150166.0
1238,2021-07-16 13:17:05,1439.1,150156.0
1239,2021-07-16 13:17:00,1439.1,150087.0
1240,2021-07-16 13:16:55,1439.1,150017.0
1241,2021-07-16 13:16:52,1439.3,149990.0
1242,2021-07-16 13:16:50,1438.7,149964.0
1243,2021-07-16 13:16:45,1439.3,149823.0
1244,2021-07-16 13:16:41,1439.0,149804.0
1245,2021-07-16 13:16:36,1439.3,149787.0
1246,2021-07-16 13:16:31,1439.3,149753.0
1247,2021-07-16 13:16:27,1439.5,149711.0
1248,2021-07-16 13:16:22,1439.3,149665.0
1249,2021-07-16 13:16:17,1439.5,149638.0
1250,2021-07-16 13:16:13,1439.7,149601.0
1251,2021-07-16 13:16:10,1439.5,149574.0
1252,2021-07-16 13:16:08,1439.5,149554.0
1253,2021-07-16 13:16:06,1439.7,149535.0
1254,2021-07-16 13:16:03,1439.4,149514.0
1255,2021-07-16 13:16:01,1439.5,149486.0
1256,2021-07-16 13:15:58,1439.8,149440.0
1257,2021-07-16 13:15:56,1440.0,149414.0
1258,2021-07-16 13:15:54,1440.1,149372.0
1259,2021-07-16 13:15:51,1440.1,149342.0
1260,2021-07-16 13:15:49,1440.2,149307.0
1261,2021-07-16 13:15:47,1440.1,149276.0
1262,2021-07-16 13:15:44,1440.1,149241.0
1263,2021-07-16 13:15:40,1440.2,149237.0
1264,2021-07-16 13:15:38,1440.4,149214.0
1265,2021-07-16 13:15:35,1440.1,149189.0
1266,2021-07-16 13:15:33,1440.5,149168.0
1267,2021-07-16 13:15:30,1440.5,149122.0
1268,2021-07-16 13:15:27,1440.3,149095.0
1269,2021-07-16 13:15:24,1440.5,149042.0
1270,2021-07-16 13:15:22,1440.5,149026.0
1271,2021-07-16 13:15:20,1440.5,149012.0
1272,2021-07-16 13:15:17,1440.5,148983.0
1273,2021-07-16 13:15:15,1440.1,148956.0
1274,2021-07-16 13:15:12,1440.5,148907.0
1275,2021-07-16 13:15:09,1440.1,148870.0
1276,2021-07-16 13:15:07,1440.1,148854.0
1277,2021-07-16 13:15:05,1440.5,148795.0
1278,2021-07-16 13:15:02,1440.1,148706.0
1279,2021-07-16 13:14:59,1440.5,148621.0
1280,2021-07-16 13:14:57,1440.8,148597.0
1281,2021-07-16 13:14:54,1440.8,148526.0
1282,2021-07-16 13:14:51,1440.9,148518.0
1283,2021-07-16 13:14:49,1440.0,148388.0
1284,2021-07-16 13:14:41,1439.5,148031.0
1285,2021-07-16 13:14:37,1439.5,147997.0
1286,2021-07-16 13:14:32,1439.5,147924.0
1287,2021-07-16 13:14:29,1439.8,147878.0
1288,2021-07-16 13:14:24,1439.4,147865.0
1289,2021-07-16 13:14:20,1439.5,147756.0
1290,2021-07-16 13:14:15,1439.4,147719.0
1291,2021-07-16 13:14:08,1439.1,147608.0
1292,2021-07-16 13:14:06,1439.0,147570.0
1293,2021-07-16 13:14:04,1439.0,147540.0
1294,2021-07-16 13:14:01,1438.7,147504.0
1295,2021-07-16 13:13:58,1438.9,147477.0
1296,2021-07-16 13:13:56,1438.9,147447.0
1297,2021-07-16 13:13:54,1438.8,147303.0
1298,2021-07-16 13:13:52,1438.8,147285.0
1299,2021-07-16 13:13:49,1438.5,147216.0
1300,2021-07-16 13:13:47,1438.5,147195.0
1301,2021-07-16 13:13:45,1438.5,147193.0
1302,2021-07-16 13:13:43,1438.3,147189.0
1303,2021-07-16 13:13:41,1438.4,147142.0
1304,2021-07-16 13:13:38,1438.3,147124.0
1305,2021-07-16 13:13:36,1438.3,147107.0
1306,2021-07-16 13:13:33,1438.3,147096.0
1307,2021-07-16 13:13:31,1438.2,147088.0
1308,2021-07-16 13:13:28,1438.2,147041.0
1309,2021-07-16 13:13:25,1438.2,146986.0
1310,2021-07-16 13:13:23,1438.5,146980.0
1311,2021-07-16 13:13:20,1438.0,146973.0
1312,2021-07-16 13:13:16,1438.6,146931.0
1313,2021-07-16 13:13:11,1438.6,146887.0
1314,2021-07-16 13:13:07,1438.9,146882.0
1315,2021-07-16 13:13:05,1438.9,146869.0
1316,2021-07-16 13:13:02,1438.8,146859.0
1317,2021-07-16 13:13:00,1438.9,146849.0
1318,2021-07-16 13:12:58,1438.8,146819.0
1319,2021-07-16 13:12:53,1439.0,146780.0
1320,2021-07-16 13:12:48,1439.1,146693.0
1321,2021-07-16 13:12:44,1439.0,146685.0
1322,2021-07-16 13:12:41,1439.2,146459.0
1323,2021-07-16 13:12:39,1439.1,146420.0
1324,2021-07-16 13:12:35,1439.2,146374.0
1325,2021-07-16 13:12:30,1439.5,146327.0
1326,2021-07-16 13:12:26,1439.8,146245.0
1327,2021-07-16 13:12:21,1439.8,146141.0
1328,2021-07-16 13:12:13,1439.8,146040.0
1329,2021-07-16 13:12:09,1439.2,145948.0
1330,2021-07-16 13:12:07,1439.2,145920.0
1331,2021-07-16 13:12:04,1439.1,145857.0
1332,2021-07-16 13:12:02,1438.7,145808.0
1333,2021-07-16 13:12:00,1438.7,145764.0
1334,2021-07-16 13:11:57,1438.8,145677.0
1335,2021-07-16 13:11:55,1438.6,145663.0
1336,2021-07-16 13:11:53,1438.7,145656.0
1337,2021-07-16 13:11:51,1438.6,145640.0
1338,2021-07-16 13:11:49,1438.6,145559.0
1339,2021-07-16 13:11:47,1438.7,145554.0
1340,2021-07-16 13:11:44,1438.6,145438.0
1341,2021-07-16 13:11:42,1438.5,145397.0
1342,2021-07-16 13:11:39,1438.5,145357.0
1343,2021-07-16 13:11:36,1438.6,145339.0
1344,2021-07-16 13:11:34,1438.5,145254.0
1345,2021-07-16 13:11:31,1438.5,145249.0
1346,2021-07-16 13:11:28,1438.1,145188.0
1347,2021-07-16 13:11:26,1438.1,145182.0
1348,2021-07-16 13:11:23,1438.0,145150.0
1349,2021-07-16 13:11:21,1437.9,145088.0
1350,2021-07-16 13:11:18,1437.9,145003.0
1351,2021-07-16 13:11:16,1437.9,144941.0
1352,2021-07-16 13:11:14,1437.9,144929.0
1353,2021-07-16 13:11:12,1437.9,144916.0
1354,2021-07-16 13:11:10,1437.5,144883.0
1355,2021-07-16 13:11:07,1437.9,144849.0
1356,2021-07-16 13:11:05,1437.9,144839.0
1357,2021-07-16 13:11:02,1437.7,144808.0
1358,2021-07-16 13:11:00,1437.3,144791.0
1359,2021-07-16 13:10:58,1438.0,144728.0
1360,2021-07-16 13:10:56,1437.5,144630.0
1361,2021-07-16 13:10:53,1437.5,144583.0
1362,2021-07-16 13:10:51,1437.5,144555.0
1363,2021-07-16 13:10:48,1437.7,144519.0
1364,2021-07-16 13:10:44,1437.5,144502.0
1365,2021-07-16 13:10:41,1437.3,144448.0
1366,2021-07-16 13:10:36,1437.5,144398.0
1367,2021-07-16 13:10:32,1437.3,144375.0
1368,2021-07-16 13:10:29,1437.0,144319.0
1369,2021-07-16 13:10:24,1436.7,144279.0
1370,2021-07-16 13:10:19,1436.7,144238.0
1371,2021-07-16 13:10:17,1436.3,144162.0
1372,2021-07-16 13:10:14,1436.3,144103.0
1373,2021-07-16 13:10:12,1436.3,144093.0
1374,2021-07-16 13:10:10,1436.3,144085.0
1375,2021-07-16 13:10:07,1436.1,144079.0
1376,2021-07-16 13:10:05,1436.1,144065.0
1377,2021-07-16 13:10:02,1436.1,144056.0
1378,2021-07-16 13:09:59,1436.1,144053.0
1379,2021-07-16 13:09:57,1436.7,144047.0
1380,2021-07-16 13:09:54,1436.9,143961.0
1381,2021-07-16 13:09:51,1436.1,143896.0
1382,2021-07-16 13:09:49,1436.7,143891.0
1383,2021-07-16 13:09:47,1436.7,143851.0
1384,2021-07-16 13:09:44,1436.9,143833.0
1385,2021-07-16 13:09:42,1436.9,143778.0
1386,2021-07-16 13:09:40,1436.8,143744.0
1387,2021-07-16 13:09:38,1436.3,143737.0
1388,2021-07-16 13:09:36,1436.3,143700.0
1389,2021-07-16 13:09:33,1436.3,143644.0
1390,2021-07-16 13:09:31,1436.3,143615.0
1391,2021-07-16 13:09:29,1436.0,143539.0
1392,2021-07-16 13:09:27,1435.6,143478.0
1393,2021-07-16 13:09:24,1435.4,143455.0
1394,2021-07-16 13:09:22,1435.5,143354.0
1395,2021-07-16 13:09:20,1435.4,143276.0
1396,2021-07-16 13:09:17,1435.6,143229.0
1397,2021-07-16 13:09:15,1435.5,143208.0
1398,2021-07-16 13:09:12,1436.0,143150.0
1399,2021-07-16 13:09:10,1436.2,143120.0
1400,2021-07-16 13:09:05,1436.5,143051.0
1401,2021-07-16 13:09:01,1436.4,142981.0
1402,2021-07-16 13:08:56,1436.9,142967.0
1403,2021-07-16 13:08:54,1436.9,142963.0
1404,2021-07-16 13:08:49,1437.0,142878.0
1405,2021-07-16 13:08:44,1437.0,142830.0
1406,2021-07-16 13:08:42,1437.0,142796.0
1407,2021-07-16 13:08:39,1437.0,142762.0
1408,2021-07-16 13:08:37,1437.3,142721.0
1409,2021-07-16 13:08:32,1437.0,142698.0
1410,2021-07-16 13:08:28,1437.4,142644.0
1411,2021-07-16 13:08:23,1437.3,142555.0
1412,2021-07-16 13:08:19,1437.0,142517.0
1413,2021-07-16 13:08:15,1437.0,142426.0
1414,2021-07-16 13:08:10,1437.0,142412.0
1415,2021-07-16 13:08:08,1437.4,142368.0
1416,2021-07-16 13:08:06,1437.0,142359.0
1417,2021-07-16 13:08:03,1437.3,142348.0
1418,2021-07-16 13:08:01,1437.1,142292.0
1419,2021-07-16 13:07:58,1437.1,142277.0
1420,2021-07-16 13:07:56,1437.3,142241.0
1421,2021-07-16 13:07:54,1437.1,142237.0
1422,2021-07-16 13:07:52,1437.3,142217.0
1423,2021-07-16 13:07:49,1437.4,142208.0
1424,2021-07-16 13:07:47,1437.3,142173.0
1425,2021-07-16 13:07:45,1437.1,142128.0
1426,2021-07-16 13:07:43,1437.0,142107.0
1427,2021-07-16 13:07:41,1437.0,142070.0
1428,2021-07-16 13:07:39,1437.0,142060.0
1429,2021-07-16 13:07:36,1437.0,142039.0
1430,2021-07-16 13:07:34,1437.0,142024.0
1431,2021-07-16 13:07:32,1437.0,141998.0
1432,2021-07-16 13:07:30,1437.3,141927.0
1433,2021-07-16 13:07:27,1437.4,141898.0
1434,2021-07-16 13:07:25,1437.0,141866.0
1435,2021-07-16 13:07:22,1437.3,141826.0
1436,2021-07-16 13:07:20,1437.9,141794.0
1437,2021-07-16 13:07:18,1437.9,141784.0
1438,2021-07-16 13:07:15,1437.9,141763.0
1439,2021-07-16 13:07:13,1438.0,141717.0
1440,2021-07-16 13:07:08,1438.4,141689.0
1441,2021-07-16 13:07:06,1438.4,141651.0
1442,2021-07-16 13:07:04,1438.4,141624.0
1443,2021-07-16 13:07:02,1438.5,141539.0
1444,2021-07-16 13:06:55,1438.4,141413.0
1445,2021-07-16 13:06:50,1438.5,141341.0
1446,2021-07-16 13:06:45,1438.4,141255.0
1447,2021-07-16 13:06:41,1438.5,141187.0
1448,2021-07-16 13:06:34,1438.0,141062.0
1449,2021-07-16 13:06:32,1438.0,141035.0
1450,2021-07-16 13:06:30,1437.9,140998.0
1451,2021-07-16 13:06:28,1437.6,140963.0
1452,2021-07-16 13:06:26,1437.7,140934.0
1453,2021-07-16 13:06:19,1437.6,140873.0
1454,2021-07-16 13:06:15,1437.7,140766.0
1455,2021-07-16 13:06:10,1437.0,140706.0
1456,2021-07-16 13:06:08,1437.0,140664.0
1457,2021-07-16 13:06:06,1436.7,140656.0
1458,2021-07-16 13:06:04,1437.0,140596.0
1459,2021-07-16 13:06:02,1436.8,140562.0
1460,2021-07-16 13:06:00,1436.8,140535.0
1461,2021-07-16 13:05:58,1436.8,140462.0
1462,2021-07-16 13:05:56,1436.8,140431.0
1463,2021-07-16 13:05:54,1436.8,140370.0
1464,2021-07-16 13:05:51,1436.7,140310.0
1465,2021-07-16 13:05:49,1436.6,140244.0
1466,2021-07-16 13:05:47,1436.4,140217.0
1467,2021-07-16 13:05:45,1436.3,140201.0
1468,2021-07-16 13:05:43,1436.4,140154.0
1469,2021-07-16 13:05:41,1436.2,140132.0
1470,2021-07-16 13:05:39,1436.2,140087.0
1471,2021-07-16 13:05:37,1436.2,140057.0
1472,2021-07-16 13:05:35,1436.2,140000.0
1473,2021-07-16 13:05:33,1435.8,139923.0
1474,2021-07-16 13:05:31,1436.1,139837.0
1475,2021-07-16 13:05:29,1436.0,139753.0
1476,2021-07-16 13:05:27,1435.4,139697.0
1477,2021-07-16 13:05:24,1435.2,139626.0
1478,2021-07-16 13:05:22,1434.3,139375.0
1479,2021-07-16 13:05:20,1434.4,139259.0
1480,2021-07-16 13:05:18,1434.8,139237.0
1481,2021-07-16 13:05:16,1434.7,139065.0
1482,2021-07-16 13:05:13,1434.4,139002.0
1483,2021-07-16 13:05:11,1434.7,138889.0
1484,2021-07-16 13:05:09,1434.7,138823.0
1485,2021-07-16 13:05:06,1435.0,138719.0
1486,2021-07-16 13:05:04,1435.0,138600.0
1487,2021-07-16 13:05:02,1435.0,138516.0
1488,2021-07-16 13:05:00,1435.5,138348.0
1489,2021-07-16 13:04:58,1435.0,138319.0
1490,2021-07-16 13:04:56,1435.5,138062.0
1491,2021-07-16 13:04:53,1435.2,137998.0
1492,2021-07-16 13:04:51,1435.8,137922.0
1493,2021-07-16 13:04:49,1435.6,137871.0
1494,2021-07-16 13:04:47,1435.9,137610.0
1495,2021-07-16 13:04:43,1436.0,137415.0
1496,2021-07-16 13:04:34,1436.2,136993.0
1497,2021-07-16 13:04:27,1436.2,136846.0
1498,2021-07-16 13:04:25,1436.2,136772.0
1499,2021-07-16 13:04:23,1436.3,136685.0
1500,2021-07-16 13:04:21,1436.5,136620.0
1501,2021-07-16 13:04:19,1436.5,136570.0
1502,2021-07-16 13:04:17,1436.8,136545.0
1503,2021-07-16 13:04:15,1436.8,136536.0
1504,2021-07-16 13:04:13,1437.0,136507.0
1505,2021-07-16 13:04:11,1437.0,136432.0
1506,2021-07-16 13:04:07,1437.0,136398.0
1507,2021-07-16 13:04:05,1437.2,136238.0
1508,2021-07-16 13:04:03,1437.3,136159.0
1509,2021-07-16 13:04:01,1437.5,136150.0
1510,2021-07-16 13:03:59,1437.1,136135.0
1511,2021-07-16 13:03:56,1437.2,136114.0
1512,2021-07-16 13:03:54,1438.0,136097.0
1513,2021-07-16 13:03:52,1437.8,136043.0
1514,2021-07-16 13:03:50,1438.0,136020.0
1515,2021-07-16 13:03:46,1438.0,135947.0
1516,2021-07-16 13:03:44,1438.1,135865.0
1517,2021-07-16 13:03:42,1438.1,135798.0
1518,2021-07-16 13:03:40,1438.1,135789.0
1519,2021-07-16 13:03:38,1438.5,135767.0
1520,2021-07-16 13:03:36,1438.0,135742.0
1521,2021-07-16 13:03:33,1438.5,135735.0
1522,2021-07-16 13:03:31,1438.8,135693.0
1523,2021-07-16 13:03:28,1438.5,135585.0
1524,2021-07-16 13:03:26,1438.8,135562.0
1525,2021-07-16 13:03:24,1439.0,135482.0
1526,2021-07-16 13:03:21,1439.0,135473.0
1527,2021-07-16 13:03:19,1439.3,135450.0
1528,2021-07-16 13:03:17,1439.2,135424.0
1529,2021-07-16 13:03:15,1439.2,135398.0
1530,2021-07-16 13:03:12,1438.9,135361.0
1531,2021-07-16 13:03:10,1439.2,135301.0
1532,2021-07-16 13:03:08,1438.9,135175.0
1533,2021-07-16 13:03:05,1438.7,135153.0
1534,2021-07-16 13:03:01,1438.5,135106.0
1535,2021-07-16 13:02:57,1438.4,134985.0
1536,2021-07-16 13:02:52,1438.4,134955.0
1537,2021-07-16 13:02:50,1438.4,134936.0
1538,2021-07-16 13:02:45,1437.9,134875.0
1539,2021-07-16 13:02:41,1437.7,134798.0
1540,2021-07-16 13:02:36,1438.0,134741.0
1541,2021-07-16 13:02:32,1437.7,134733.0
1542,2021-07-16 13:02:29,1437.4,134658.0
1543,2021-07-16 13:02:25,1437.2,134566.0
1544,2021-07-16 13:02:21,1437.5,134457.0
1545,2021-07-16 13:02:14,1436.8,134308.0
1546,2021-07-16 13:02:10,1437.0,133908.0
1547,2021-07-16 13:02:08,1436.8,133892.0
1548,2021-07-16 13:02:06,1436.8,133845.0
1549,2021-07-16 13:02:03,1436.8,133786.0
1550,2021-07-16 13:02:01,1436.8,133625.0
1551,2021-07-16 13:01:59,1436.8,133509.0
1552,2021-07-16 13:01:56,1436.6,133431.0
1553,2021-07-16 13:01:55,1436.8,133339.0
1554,2021-07-16 13:01:52,1436.9,133320.0
1555,2021-07-16 13:01:50,1436.8,133256.0
1556,2021-07-16 13:01:48,1436.8,133236.0
1557,2021-07-16 13:01:46,1437.2,133131.0
1558,2021-07-16 13:01:44,1437.0,132796.0
1559,2021-07-16 13:01:42,1437.5,132712.0
1560,2021-07-16 13:01:40,1437.2,132705.0
1561,2021-07-16 13:01:38,1437.2,132636.0
1562,2021-07-16 13:01:35,1437.9,132529.0
1563,2021-07-16 13:01:33,1438.2,132459.0
1564,2021-07-16 13:01:31,1438.4,132399.0
1565,2021-07-16 13:01:29,1438.6,132352.0
1566,2021-07-16 13:01:27,1438.5,132295.0
1567,2021-07-16 13:01:24,1438.0,132232.0
1568,2021-07-16 13:01:22,1438.6,131984.0
1569,2021-07-16 13:01:20,1438.4,131915.0
1570,2021-07-16 13:01:19,1438.0,131830.0
1571,2021-07-16 13:01:16,1437.2,131797.0
1572,2021-07-16 13:01:14,1437.6,131663.0
1573,2021-07-16 13:01:13,1437.8,131583.0
1574,2021-07-16 13:01:11,1437.5,131319.0
1575,2021-07-16 13:01:09,1437.5,131236.0
1576,2021-07-16 13:01:07,1437.9,131198.0
1577,2021-07-16 13:01:04,1438.2,130842.0
1578,2021-07-16 13:00:59,1439.0,130659.0
1579,2021-07-16 13:00:57,1439.2,130380.0
1580,2021-07-16 13:00:55,1439.1,130338.0
1581,2021-07-16 13:00:49,1440.0,130183.0
1582,2021-07-16 13:00:47,1440.6,130057.0
1583,2021-07-16 13:00:45,1440.4,130037.0
1584,2021-07-16 13:00:43,1440.6,130015.0
1585,2021-07-16 13:00:41,1440.8,130005.0
1586,2021-07-16 13:00:39,1441.0,130003.0
1587,2021-07-16 13:00:37,1440.0,129996.0
1588,2021-07-16 13:00:35,1440.8,129958.0
1589,2021-07-16 13:00:33,1440.8,129767.0
1590,2021-07-16 13:00:31,1441.4,129757.0
1591,2021-07-16 13:00:29,1440.4,129655.0
1592,2021-07-16 13:00:27,1440.8,129652.0
1593,2021-07-16 13:00:24,1440.8,129626.0
1594,2021-07-16 13:00:23,1441.2,129595.0
1595,2021-07-16 13:00:21,1441.0,129594.0
1596,2021-07-16 13:00:19,1441.2,129591.0
1597,2021-07-16 13:00:17,1441.3,129582.0
1598,2021-07-16 13:00:15,1441.4,129581.0
1599,2021-07-16 13:00:10,1441.3,129559.0
1600,2021-07-16 13:00:07,1440.0,129518.0
1601,2021-07-16 13:00:05,1440.7,129416.0
1602,2021-07-16 13:00:03,1440.0,129412.0
1603,2021-07-16 11:30:02,1440.7,128925.0
1604,2021-07-16 11:30:00,1441.0,128923.0
1605,2021-07-16 11:29:58,1441.5,128772.0
1606,2021-07-16 11:29:56,1441.2,128731.0
1607,2021-07-16 11:29:54,1441.0,128678.0
1608,2021-07-16 11:29:52,1441.2,128553.0
1609,2021-07-16 11:29:50,1441.2,128529.0
1610,2021-07-16 11:29:48,1441.2,128519.0
1611,2021-07-16 11:29:46,1441.5,128505.0
1612,2021-07-16 11:29:43,1441.3,128481.0
1613,2021-07-16 11:29:42,1441.5,128434.0
1614,2021-07-16 11:29:40,1442.0,128407.0
1615,2021-07-16 11:29:38,1441.3,128394.0
1616,2021-07-16 11:29:35,1442.0,128338.0
1617,2021-07-16 11:29:33,1442.0,128223.0
1618,2021-07-16 11:29:31,1443.0,128070.0
1619,2021-07-16 11:29:29,1442.6,127973.0
1620,2021-07-16 11:29:24,1442.5,127971.0
1621,2021-07-16 11:29:22,1442.5,127939.0
1622,2021-07-16 11:29:20,1442.5,127927.0
1623,2021-07-16 11:29:18,1442.7,127900.0
1624,2021-07-16 11:29:16,1442.5,127891.0
1625,2021-07-16 11:29:14,1442.5,127880.0
1626,2021-07-16 11:29:12,1442.5,127837.0
1627,2021-07-16 11:29:10,1442.5,127836.0
1628,2021-07-16 11:29:06,1442.2,127794.0
1629,2021-07-16 11:29:04,1442.0,127788.0
1630,2021-07-16 11:28:59,1442.0,127771.0
1631,2021-07-16 11:28:54,1442.7,127726.0
1632,2021-07-16 11:28:52,1442.2,127703.0
1633,2021-07-16 11:28:50,1442.1,127687.0
1634,2021-07-16 11:28:46,1442.4,127619.0
1635,2021-07-16 11:28:42,1442.2,127612.0
1636,2021-07-16 11:28:38,1442.3,127593.0
1637,2021-07-16 11:28:34,1442.4,127581.0
1638,2021-07-16 11:28:29,1442.3,127556.0
1639,2021-07-16 11:28:25,1442.3,127549.0
1640,2021-07-16 11:28:21,1442.3,127540.0
1641,2021-07-16 11:28:19,1442.4,127527.0
1642,2021-07-16 11:28:17,1442.1,127526.0
1643,2021-07-16 11:28:15,1442.4,127484.0
1644,2021-07-16 11:28:13,1442.3,127480.0
1645,2021-07-16 11:28:08,1442.5,127469.0
1646,2021-07-16 11:28:06,1442.3,127467.0
1647,2021-07-16 11:28:04,1442.2,127465.0
1648,2021-07-16 11:28:02,1442.2,127452.0
1649,2021-07-16 11:28:00,1442.2,127448.0
1650,2021-07-16 11:27:58,1442.5,127439.0
1651,2021-07-16 11:27:56,1442.2,127434.0
1652,2021-07-16 11:27:54,1442.0,127429.0
1653,2021-07-16 11:27:51,1442.1,127412.0
1654,2021-07-16 11:27:49,1442.0,127407.0
1655,2021-07-16 11:27:45,1442.0,127389.0
1656,2021-07-16 11:27:41,1442.0,127270.0
1657,2021-07-16 11:27:35,1442.2,127181.0
1658,2021-07-16 11:27:31,1442.0,127132.0
1659,2021-07-16 11:27:23,1442.2,127054.0
1660,2021-07-16 11:27:21,1442.6,127001.0
1661,2021-07-16 11:27:19,1442.8,126972.0
1662,2021-07-16 11:27:17,1442.8,126962.0
1663,2021-07-16 11:27:13,1442.8,126934.0
1664,2021-07-16 11:27:07,1442.8,126913.0
1665,2021-07-16 11:27:03,1442.8,126871.0
1666,2021-07-16 11:27:00,1442.8,126828.0
1667,2021-07-16 11:26:55,1443.0,126772.0
1668,2021-07-16 11:26:53,1442.8,126757.0
1669,2021-07-16 11:26:47,1443.8,126710.0
1670,2021-07-16 11:26:45,1443.1,126680.0
1671,2021-07-16 11:26:43,1443.3,126626.0
1672,2021-07-16 11:26:39,1443.7,126605.0
1673,2021-07-16 11:26:35,1443.7,126594.0
1674,2021-07-16 11:26:33,1443.7,126587.0
1675,2021-07-16 11:26:31,1443.7,126565.0
1676,2021-07-16 11:26:27,1443.7,126540.0
1677,2021-07-16 11:26:23,1443.7,126534.0
1678,2021-07-16 11:26:19,1443.7,126517.0
1679,2021-07-16 11:26:17,1443.7,126513.0
1680,2021-07-16 11:26:15,1444.0,126507.0
1681,2021-07-16 11:26:09,1443.7,126468.0
1682,2021-07-16 11:26:07,1444.0,126448.0
1683,2021-07-16 11:26:05,1443.9,126407.0
1684,2021-07-16 11:26:03,1444.0,126400.0
1685,2021-07-16 11:26:00,1443.9,126397.0
1686,2021-07-16 11:25:59,1443.7,126372.0
1687,2021-07-16 11:25:57,1443.7,126359.0
1688,2021-07-16 11:25:55,1443.7,126333.0
1689,2021-07-16 11:25:53,1443.5,126328.0
1690,2021-07-16 11:25:49,1443.7,126326.0
1691,2021-07-16 11:25:47,1443.7,126325.0
1692,2021-07-16 11:25:45,1443.5,126293.0
1693,2021-07-16 11:25:44,1443.3,126292.0
1694,2021-07-16 11:25:42,1443.3,126278.0
1695,2021-07-16 11:25:39,1443.3,126276.0
1696,2021-07-16 11:25:38,1443.3,126271.0
1697,2021-07-16 11:25:34,1443.1,126270.0
1698,2021-07-16 11:25:32,1443.1,126245.0
1699,2021-07-16 11:25:30,1443.0,126194.0
1700,2021-07-16 11:25:27,1442.8,126182.0
1701,2021-07-16 11:25:25,1443.2,126124.0
1702,2021-07-16 11:25:23,1443.0,126115.0
1703,2021-07-16 11:25:21,1443.0,126101.0
1704,2021-07-16 11:25:19,1443.2,126086.0
1705,2021-07-16 11:25:17,1443.1,126053.0
1706,2021-07-16 11:25:15,1443.0,126017.0
1707,2021-07-16 11:25:13,1443.1,125964.0
1708,2021-07-16 11:25:11,1443.7,125916.0
1709,2021-07-16 11:25:09,1444.1,125883.0
1710,2021-07-16 11:25:07,1444.1,125866.0
1711,2021-07-16 11:25:05,1444.4,125856.0
1712,2021-07-16 11:25:03,1444.1,125852.0
1713,2021-07-16 11:24:59,1444.7,125824.0
1714,2021-07-16 11:24:53,1444.8,125668.0
1715,2021-07-16 11:24:47,1444.8,125634.0
1716,2021-07-16 11:24:45,1444.9,125622.0
1717,2021-07-16 11:24:42,1444.9,125614.0
1718,2021-07-16 11:24:41,1444.7,125603.0
1719,2021-07-16 11:24:39,1445.0,125557.0
1720,2021-07-16 11:24:37,1444.9,125489.0
1721,2021-07-16 11:24:35,1445.0,125459.0
1722,2021-07-16 11:24:33,1444.9,125374.0
1723,2021-07-16 11:24:30,1445.0,125345.0
1724,2021-07-16 11:24:29,1444.9,125195.0
1725,2021-07-16 11:24:27,1444.7,125112.0
1726,2021-07-16 11:24:25,1445.0,125051.0
1727,2021-07-16 11:24:23,1444.7,124998.0
1728,2021-07-16 11:24:21,1445.0,124986.0
1729,2021-07-16 11:24:19,1444.9,124891.0
1730,2021-07-16 11:24:17,1444.6,124873.0
1731,2021-07-16 11:24:15,1444.6,124808.0
1732,2021-07-16 11:24:13,1444.5,124767.0
1733,2021-07-16 11:24:11,1444.6,124732.0
1734,2021-07-16 11:24:09,1444.5,124721.0
1735,2021-07-16 11:24:06,1444.5,124707.0
1736,2021-07-16 11:24:04,1444.6,124688.0
1737,2021-07-16 11:24:02,1444.5,124622.0
1738,2021-07-16 11:24:00,1444.5,124602.0
1739,2021-07-16 11:23:59,1445.0,124542.0
1740,2021-07-16 11:23:57,1444.6,124539.0
1741,2021-07-16 11:23:55,1444.6,124455.0
1742,2021-07-16 11:23:53,1444.6,124359.0
1743,2021-07-16 11:23:51,1445.0,124349.0
1744,2021-07-16 11:23:49,1444.0,124286.0
1745,2021-07-16 11:23:47,1444.6,123963.0
1746,2021-07-16 11:23:45,1444.3,123897.0
1747,2021-07-16 11:23:43,1444.3,123895.0
1748,2021-07-16 11:23:41,1444.0,123809.0
1749,2021-07-16 11:23:39,1444.3,123744.0
1750,2021-07-16 11:23:37,1444.2,123662.0
1751,2021-07-16 11:23:35,1444.3,123634.0
1752,2021-07-16 11:23:33,1444.2,123602.0
1753,2021-07-16 11:23:31,1444.0,123588.0
1754,2021-07-16 11:23:29,1444.1,123527.0
1755,2021-07-16 11:23:26,1444.0,123513.0
1756,2021-07-16 11:23:25,1444.2,123501.0
1757,2021-07-16 11:23:22,1443.8,123463.0
1758,2021-07-16 11:23:20,1443.8,123376.0
1759,2021-07-16 11:23:19,1444.2,123307.0
1760,2021-07-16 11:23:15,1443.7,123258.0
1761,2021-07-16 11:23:12,1443.8,123243.0
1762,2021-07-16 11:23:09,1444.0,123154.0
1763,2021-07-16 11:23:04,1443.7,123035.0
1764,2021-07-16 11:23:02,1443.7,123026.0
1765,2021-07-16 11:23:01,1443.8,122996.0
1766,2021-07-16 11:22:59,1443.6,122991.0
1767,2021-07-16 11:22:55,1443.5,122756.0
1768,2021-07-16 11:22:48,1443.5,122640.0
1769,2021-07-16 11:22:44,1443.2,122515.0
1770,2021-07-16 11:22:39,1443.3,122464.0
1771,2021-07-16 11:22:32,1443.0,122264.0
1772,2021-07-16 11:22:31,1442.9,122154.0
1773,2021-07-16 11:22:29,1442.8,122131.0
1774,2021-07-16 11:22:27,1442.3,122062.0
1775,2021-07-16 11:22:21,1442.1,121810.0
1776,2021-07-16 11:22:16,1442.0,121722.0
1777,2021-07-16 11:22:11,1442.0,121587.0
1778,2021-07-16 11:22:09,1442.0,121540.0
1779,2021-07-16 11:22:07,1441.1,121527.0
1780,2021-07-16 11:22:05,1441.1,121507.0
1781,2021-07-16 11:22:02,1442.1,121398.0
1782,2021-07-16 11:22:00,1442.0,121385.0
1783,2021-07-16 11:21:58,1442.1,121352.0
1784,2021-07-16 11:21:56,1442.0,121310.0
1785,2021-07-16 11:21:54,1442.0,121304.0
1786,2021-07-16 11:21:52,1442.0,121295.0
1787,2021-07-16 11:21:51,1442.1,121281.0
1788,2021-07-16 11:21:49,1442.0,121269.0
1789,2021-07-16 11:21:44,1442.0,121168.0
1790,2021-07-16 11:21:41,1442.1,121128.0
1791,2021-07-16 11:21:37,1442.0,121115.0
1792,2021-07-16 11:21:33,1442.1,121099.0
1793,2021-07-16 11:21:29,1442.1,121086.0
1794,2021-07-16 11:21:26,1442.1,121067.0
1795,2021-07-16 11:21:24,1442.1,121066.0
1796,2021-07-16 11:21:22,1442.0,121058.0
1797,2021-07-16 11:21:18,1442.1,121032.0
1798,2021-07-16 11:21:15,1442.3,121017.0
1799,2021-07-16 11:21:10,1442.1,120960.0
1800,2021-07-16 11:21:07,1442.3,120946.0
1801,2021-07-16 11:21:02,1442.5,120925.0
1802,2021-07-16 11:20:58,1442.5,120918.0
1803,2021-07-16 11:20:56,1442.5,120884.0
1804,2021-07-16 11:20:55,1442.6,120879.0
1805,2021-07-16 11:20:53,1442.5,120846.0
1806,2021-07-16 11:20:49,1442.4,120816.0
1807,2021-07-16 11:20:43,1442.4,120783.0
1808,2021-07-16 11:20:40,1442.5,120773.0
1809,2021-07-16 11:20:35,1442.4,120741.0
1810,2021-07-16 11:20:33,1442.4,120731.0
1811,2021-07-16 11:20:29,1442.4,120713.0
1812,2021-07-16 11:20:27,1442.2,120688.0
1813,2021-07-16 11:20:24,1442.0,120676.0
1814,2021-07-16 11:20:22,1442.1,120658.0
1815,2021-07-16 11:20:21,1442.2,120656.0
1816,2021-07-16 11:20:18,1442.1,120643.0
1817,2021-07-16 11:20:14,1442.1,120595.0
1818,2021-07-16 11:20:11,1442.2,120558.0
1819,2021-07-16 11:20:08,1442.1,120557.0
1820,2021-07-16 11:20:06,1442.1,120551.0
1821,2021-07-16 11:20:04,1442.2,120440.0
1822,2021-07-16 11:20:03,1442.2,120411.0
1823,2021-07-16 11:20:01,1442.2,120407.0
1824,2021-07-16 11:19:58,1442.4,120378.0
1825,2021-07-16 11:19:56,1442.3,120365.0
1826,2021-07-16 11:19:55,1442.7,120354.0
1827,2021-07-16 11:19:53,1442.4,120282.0
1828,2021-07-16 11:19:51,1442.4,120277.0
1829,2021-07-16 11:19:48,1442.4,120244.0
1830,2021-07-16 11:19:46,1442.4,120239.0
1831,2021-07-16 11:19:44,1442.4,120222.0
1832,2021-07-16 11:19:42,1442.4,120217.0
1833,2021-07-16 11:19:40,1442.4,120209.0
1834,2021-07-16 11:19:39,1442.4,120198.0
1835,2021-07-16 11:19:37,1442.7,120187.0
1836,2021-07-16 11:19:35,1442.7,120136.0
1837,2021-07-16 11:19:32,1442.1,120111.0
1838,2021-07-16 11:19:30,1442.7,120097.0
1839,2021-07-16 11:19:28,1442.3,120071.0
1840,2021-07-16 11:19:26,1442.0,120065.0
1841,2021-07-16 11:19:24,1442.0,120055.0
1842,2021-07-16 11:19:19,1441.9,119940.0
1843,2021-07-16 11:19:17,1442.0,119939.0
1844,2021-07-16 11:19:14,1442.0,119914.0
1845,2021-07-16 11:19:11,1441.9,119843.0
1846,2021-07-16 11:19:07,1441.8,119838.0
1847,2021-07-16 11:19:02,1441.5,119830.0
1848,2021-07-16 11:18:58,1441.6,119818.0
1849,2021-07-16 11:18:54,1441.6,119800.0
1850,2021-07-16 11:18:52,1441.6,119799.0
1851,2021-07-16 11:18:50,1441.9,119782.0
1852,2021-07-16 11:18:48,1442.1,119726.0
1853,2021-07-16 11:18:46,1442.3,119698.0
1854,2021-07-16 11:18:45,1442.3,119695.0
1855,2021-07-16 11:18:42,1442.4,119651.0
1856,2021-07-16 11:18:41,1442.2,119631.0
1857,2021-07-16 11:18:39,1441.9,119613.0
1858,2021-07-16 11:18:37,1442.4,119597.0
1859,2021-07-16 11:18:35,1441.9,119578.0
1860,2021-07-16 11:18:33,1441.9,119525.0
1861,2021-07-16 11:18:31,1441.9,119515.0
1862,2021-07-16 11:18:29,1441.8,119513.0
1863,2021-07-16 11:18:27,1441.8,119501.0
1864,2021-07-16 11:18:25,1441.5,119474.0
1865,2021-07-16 11:18:23,1441.4,119460.0
1866,2021-07-16 11:18:21,1441.5,119430.0
1867,2021-07-16 11:18:18,1441.4,119412.0
1868,2021-07-16 11:18:14,1441.2,119374.0
1869,2021-07-16 11:18:12,1441.4,119373.0
1870,2021-07-16 11:18:10,1441.2,119364.0
1871,2021-07-16 11:18:07,1441.1,119360.0
1872,2021-07-16 11:18:05,1441.0,119357.0
1873,2021-07-16 11:18:03,1441.2,119343.0
1874,2021-07-16 11:18:01,1441.0,119337.0
1875,2021-07-16 11:17:59,1441.1,119289.0
1876,2021-07-16 11:17:57,1441.0,119276.0
1877,2021-07-16 11:17:55,1441.0,119260.0
1878,2021-07-16 11:17:53,1441.1,119258.0
1879,2021-07-16 11:17:51,1441.0,119243.0
1880,2021-07-16 11:17:49,1440.8,119240.0
1881,2021-07-16 11:17:47,1441.0,119238.0
1882,2021-07-16 11:17:45,1440.9,119235.0
1883,2021-07-16 11:17:43,1440.4,119215.0
1884,2021-07-16 11:17:41,1440.4,119198.0
1885,2021-07-16 11:17:38,1440.4,119197.0
1886,2021-07-16 11:17:36,1440.5,119190.0
1887,2021-07-16 11:17:33,1440.3,119189.0
1888,2021-07-16 11:17:31,1440.4,119180.0
1889,2021-07-16 11:17:29,1440.3,119167.0
1890,2021-07-16 11:17:26,1440.2,119078.0
1891,2021-07-16 11:17:25,1440.3,119077.0
1892,2021-07-16 11:17:22,1440.0,119071.0
1893,2021-07-16 11:17:21,1440.3,119004.0
1894,2021-07-16 11:17:19,1440.3,118990.0
1895,2021-07-16 11:17:17,1440.3,118932.0
1896,2021-07-16 11:17:14,1440.6,118914.0
1897,2021-07-16 11:17:10,1440.7,118898.0
1898,2021-07-16 11:17:06,1440.9,118850.0
1899,2021-07-16 11:17:02,1440.9,118843.0
1900,2021-07-16 11:16:59,1441.1,118782.0
1901,2021-07-16 11:16:56,1441.5,118774.0
1902,2021-07-16 11:16:52,1441.2,118733.0
1903,2021-07-16 11:16:49,1441.5,118684.0
1904,2021-07-16 11:16:46,1441.0,118682.0
1905,2021-07-16 11:16:44,1441.2,118664.0
1906,2021-07-16 11:16:40,1440.9,118610.0
1907,2021-07-16 11:16:36,1440.9,118597.0
1908,2021-07-16 11:16:32,1440.9,118550.0
1909,2021-07-16 11:16:29,1440.5,118471.0
1910,2021-07-16 11:16:24,1440.3,118428.0
1911,2021-07-16 11:16:18,1440.1,118377.0
1912,2021-07-16 11:16:16,1440.1,118308.0
1913,2021-07-16 11:16:14,1440.1,118305.0
1914,2021-07-16 11:16:11,1440.1,118209.0
1915,2021-07-16 11:16:09,1440.0,118164.0
1916,2021-07-16 11:16:07,1440.0,118132.0
1917,2021-07-16 11:16:04,1440.1,117973.0
1918,2021-07-16 11:16:03,1440.0,117902.0
1919,2021-07-16 11:16:01,1440.3,117800.0
1920,2021-07-16 11:15:59,1440.0,117563.0
1921,2021-07-16 11:15:57,1440.0,117539.0
1922,2021-07-16 11:15:55,1440.7,117363.0
1923,2021-07-16 11:15:52,1440.5,117355.0
1924,2021-07-16 11:15:50,1440.8,117330.0
1925,2021-07-16 11:15:48,1440.7,117325.0
1926,2021-07-16 11:15:46,1440.5,117318.0
1927,2021-07-16 11:15:44,1441.0,117296.0
1928,2021-07-16 11:15:42,1441.0,117294.0
1929,2021-07-16 11:15:40,1441.0,117262.0
1930,2021-07-16 11:15:39,1441.0,117259.0
1931,2021-07-16 11:15:36,1441.3,117107.0
1932,2021-07-16 11:15:35,1441.2,117099.0
1933,2021-07-16 11:15:33,1441.2,117060.0
1934,2021-07-16 11:15:30,1441.2,117053.0
1935,2021-07-16 11:15:28,1441.1,117046.0
1936,2021-07-16 11:15:26,1441.1,117038.0
1937,2021-07-16 11:15:25,1441.1,117015.0
1938,2021-07-16 11:15:23,1441.0,116963.0
1939,2021-07-16 11:15:21,1441.0,116958.0
1940,2021-07-16 11:15:19,1440.9,116934.0
1941,2021-07-16 11:15:17,1441.0,116921.0
1942,2021-07-16 11:15:15,1440.8,116822.0
1943,2021-07-16 11:15:13,1440.5,116810.0
1944,2021-07-16 11:15:11,1441.2,116636.0
1945,2021-07-16 11:15:09,1440.8,116581.0
1946,2021-07-16 11:15:07,1441.4,116461.0
1947,2021-07-16 11:15:05,1441.1,116450.0
1948,2021-07-16 11:15:03,1441.7,116346.0
1949,2021-07-16 11:15:01,1441.8,116309.0
1950,2021-07-16 11:14:59,1442.0,116282.0
1951,2021-07-16 11:14:55,1442.4,116170.0
1952,2021-07-16 11:14:51,1442.5,116153.0
1953,2021-07-16 11:14:46,1442.6,116149.0
1954,2021-07-16 11:14:43,1442.8,116129.0
1955,2021-07-16 11:14:38,1442.8,116118.0
1956,2021-07-16 11:14:36,1442.8,116114.0
1957,2021-07-16 11:14:31,1442.8,116108.0
1958,2021-07-16 11:14:29,1442.6,116104.0
1959,2021-07-16 11:14:21,1442.5,116102.0
1960,2021-07-16 11:14:19,1442.8,116097.0
1961,2021-07-16 11:14:14,1442.6,116095.0
1962,2021-07-16 11:14:13,1442.8,116081.0
1963,2021-07-16 11:14:09,1442.8,116076.0
1964,2021-07-16 11:14:07,1442.8,116060.0
1965,2021-07-16 11:14:03,1442.2,116038.0
1966,2021-07-16 11:14:01,1443.0,116018.0
1967,2021-07-16 11:13:59,1442.3,115908.0
1968,2021-07-16 11:13:57,1442.3,115907.0
1969,2021-07-16 11:13:56,1442.3,115904.0
1970,2021-07-16 11:13:52,1442.3,115901.0
1971,2021-07-16 11:13:50,1442.9,115900.0
1972,2021-07-16 11:13:48,1442.7,115892.0
1973,2021-07-16 11:13:45,1442.6,115835.0
1974,2021-07-16 11:13:43,1442.3,115825.0
1975,2021-07-16 11:13:41,1442.3,115810.0
1976,2021-07-16 11:13:39,1442.3,115770.0
1977,2021-07-16 11:13:37,1442.1,115766.0
1978,2021-07-16 11:13:35,1442.0,115597.0
1979,2021-07-16 11:13:33,1441.8,115551.0
1980,2021-07-16 11:13:30,1441.8,115535.0
1981,2021-07-16 11:13:28,1441.7,115499.0
1982,2021-07-16 11:13:26,1441.8,115480.0
1983,2021-07-16 11:13:24,1441.7,115462.0
1984,2021-07-16 11:13:22,1441.9,115450.0
1985,2021-07-16 11:13:21,1441.8,115447.0
1986,2021-07-16 11:13:19,1441.9,115439.0
1987,2021-07-16 11:13:17,1442.0,115419.0
1988,2021-07-16 11:13:14,1442.2,115322.0
1989,2021-07-16 11:13:12,1442.1,115260.0
1990,2021-07-16 11:13:10,1442.1,115248.0
1991,2021-07-16 11:13:09,1442.1,115204.0
1992,2021-07-16 11:13:07,1442.3,115160.0
1993,2021-07-16 11:13:04,1442.5,115159.0
1994,2021-07-16 11:13:02,1442.5,115144.0
1995,2021-07-16 11:13:00,1442.4,115135.0
1996,2021-07-16 11:12:59,1442.4,115134.0
1997,2021-07-16 11:12:57,1442.5,115129.0
1998,2021-07-16 11:12:50,1442.6,115119.0
1999,2021-07-16 11:12:48,1442.7,115112.0
2000,2021-07-16 11:12:46,1442.6,115096.0
2001,2021-07-16 11:12:44,1442.6,115086.0
2002,2021-07-16 11:12:40,1442.7,115076.0
2003,2021-07-16 11:12:39,1442.7,115075.0
2004,2021-07-16 11:12:37,1442.8,115067.0
2005,2021-07-16 11:12:34,1442.8,115063.0
2006,2021-07-16 11:12:33,1442.9,115035.0
2007,2021-07-16 11:12:31,1442.8,115033.0
2008,2021-07-16 11:12:27,1442.9,115032.0
2009,2021-07-16 11:12:25,1442.9,115003.0
2010,2021-07-16 11:12:22,1442.6,114998.0
2011,2021-07-16 11:12:20,1442.8,114996.0
2012,2021-07-16 11:12:18,1443.0,114979.0
2013,2021-07-16 11:12:16,1442.6,114872.0
2014,2021-07-16 11:12:14,1442.8,114817.0
2015,2021-07-16 11:12:12,1442.8,114802.0
2016,2021-07-16 11:12:10,1442.8,114788.0
2017,2021-07-16 11:12:08,1442.8,114786.0
2018,2021-07-16 11:12:06,1442.8,114780.0
2019,2021-07-16 11:12:04,1442.6,114764.0
2020,2021-07-16 11:12:03,1442.7,114754.0
2021,2021-07-16 11:12:01,1442.7,114743.0
2022,2021-07-16 11:11:59,1442.6,114741.0
2023,2021-07-16 11:11:56,1442.6,114727.0
2024,2021-07-16 11:11:54,1442.6,114715.0
2025,2021-07-16 11:11:52,1442.6,114708.0
2026,2021-07-16 11:11:51,1442.6,114707.0
2027,2021-07-16 11:11:49,1442.6,114687.0
2028,2021-07-16 11:11:47,1442.6,114676.0
2029,2021-07-16 11:11:44,1442.6,114669.0
2030,2021-07-16 11:11:42,1442.2,114663.0
2031,2021-07-16 11:11:40,1442.4,114649.0
2032,2021-07-16 11:11:38,1442.1,114537.0
2033,2021-07-16 11:11:34,1442.0,114301.0
2034,2021-07-16 11:11:28,1441.9,114190.0
2035,2021-07-16 11:11:24,1441.7,114151.0
2036,2021-07-16 11:11:18,1442.0,114094.0
2037,2021-07-16 11:11:17,1442.0,114073.0
2038,2021-07-16 11:11:14,1442.2,113982.0
2039,2021-07-16 11:11:12,1442.1,113900.0
2040,2021-07-16 11:11:08,1442.2,113884.0
2041,2021-07-16 11:11:04,1442.1,113847.0
2042,2021-07-16 11:10:58,1442.3,113760.0
2043,2021-07-16 11:10:54,1442.4,113716.0
2044,2021-07-16 11:10:52,1442.4,113709.0
2045,2021-07-16 11:10:47,1442.7,113653.0
2046,2021-07-16 11:10:42,1442.5,113626.0
2047,2021-07-16 11:10:40,1442.7,113570.0
2048,2021-07-16 11:10:38,1442.7,113539.0
2049,2021-07-16 11:10:36,1443.0,113526.0
2050,2021-07-16 11:10:32,1442.7,113473.0
2051,2021-07-16 11:10:31,1443.0,113472.0
2052,2021-07-16 11:10:28,1443.0,113403.0
2053,2021-07-16 11:10:22,1442.5,113324.0
2054,2021-07-16 11:10:18,1442.5,113298.0
2055,2021-07-16 11:10:14,1443.2,113288.0
2056,2021-07-16 11:10:12,1442.2,113264.0
2057,2021-07-16 11:10:10,1443.0,113171.0
2058,2021-07-16 11:10:09,1442.3,113115.0
2059,2021-07-16 11:10:07,1442.3,113105.0
2060,2021-07-16 11:10:05,1442.9,113012.0
2061,2021-07-16 11:10:03,1443.1,112991.0
2062,2021-07-16 11:10:00,1443.0,112951.0
2063,2021-07-16 11:09:58,1443.4,112941.0
2064,2021-07-16 11:09:56,1443.2,112894.0
2065,2021-07-16 11:09:54,1443.0,112882.0
2066,2021-07-16 11:09:53,1443.2,112863.0
2067,2021-07-16 11:09:49,1443.2,112850.0
2068,2021-07-16 11:09:47,1443.2,112843.0
2069,2021-07-16 11:09:45,1443.2,112837.0
2070,2021-07-16 11:09:43,1443.2,112836.0
2071,2021-07-16 11:09:41,1443.2,112834.0
2072,2021-07-16 11:09:39,1443.4,112833.0
2073,2021-07-16 11:09:37,1443.2,112776.0
2074,2021-07-16 11:09:31,1443.2,112736.0
2075,2021-07-16 11:09:27,1443.7,112707.0
2076,2021-07-16 11:09:23,1443.8,112655.0
2077,2021-07-16 11:09:19,1443.9,112629.0
2078,2021-07-16 11:09:14,1443.8,112575.0
2079,2021-07-16 11:09:10,1443.9,112545.0
2080,2021-07-16 11:09:08,1443.9,112541.0
2081,2021-07-16 11:09:06,1443.9,112539.0
2082,2021-07-16 11:09:04,1443.7,112465.0
2083,2021-07-16 11:09:00,1443.7,112427.0
2084,2021-07-16 11:08:56,1443.8,112401.0
2085,2021-07-16 11:08:53,1443.5,112394.0
2086,2021-07-16 11:08:49,1443.7,112268.0
2087,2021-07-16 11:08:44,1443.2,112180.0
2088,2021-07-16 11:08:39,1443.2,112159.0
2089,2021-07-16 11:08:37,1443.5,112150.0
2090,2021-07-16 11:08:33,1443.2,112069.0
2091,2021-07-16 11:08:30,1443.4,112060.0
2092,2021-07-16 11:08:28,1443.2,112050.0
2093,2021-07-16 11:08:26,1443.2,112049.0
2094,2021-07-16 11:08:22,1443.0,112024.0
2095,2021-07-16 11:08:18,1443.0,112003.0
2096,2021-07-16 11:08:16,1443.0,111982.0
2097,2021-07-16 11:08:14,1443.1,111964.0
2098,2021-07-16 11:08:08,1443.0,111887.0
2099,2021-07-16 11:08:06,1443.0,111886.0
2100,2021-07-16 11:08:04,1443.0,111804.0
2101,2021-07-16 11:08:02,1443.0,111790.0
2102,2021-07-16 11:08:00,1443.0,111789.0
2103,2021-07-16 11:07:58,1443.0,111787.0
2104,2021-07-16 11:07:56,1443.4,111781.0
2105,2021-07-16 11:07:54,1443.0,111771.0
2106,2021-07-16 11:07:52,1443.0,111756.0
2107,2021-07-16 11:07:50,1443.0,111725.0
2108,2021-07-16 11:07:48,1443.0,111687.0
2109,2021-07-16 11:07:46,1443.0,111651.0
2110,2021-07-16 11:07:44,1443.0,111650.0
2111,2021-07-16 11:07:42,1443.0,111637.0
2112,2021-07-16 11:07:40,1443.1,111627.0
2113,2021-07-16 11:07:39,1443.0,111623.0
2114,2021-07-16 11:07:36,1443.0,111573.0
2115,2021-07-16 11:07:34,1443.0,111557.0
2116,2021-07-16 11:07:32,1443.2,111545.0
2117,2021-07-16 11:07:30,1443.0,111480.0
2118,2021-07-16 11:07:28,1443.0,111468.0
2119,2021-07-16 11:07:26,1443.1,111467.0
2120,2021-07-16 11:07:24,1442.9,111444.0
2121,2021-07-16 11:07:22,1443.0,111401.0
2122,2021-07-16 11:07:20,1442.8,111388.0
2123,2021-07-16 11:07:19,1442.9,111255.0
2124,2021-07-16 11:07:16,1442.9,111243.0
2125,2021-07-16 11:07:14,1442.9,111186.0
2126,2021-07-16 11:07:12,1442.9,111166.0
2127,2021-07-16 11:07:10,1443.2,111141.0
2128,2021-07-16 11:07:08,1443.1,111072.0
2129,2021-07-16 11:07:06,1443.0,111053.0
2130,2021-07-16 11:07:04,1443.2,110976.0
2131,2021-07-16 11:07:03,1443.2,110950.0
2132,2021-07-16 11:07:00,1443.2,110877.0
2133,2021-07-16 11:06:58,1443.5,110827.0
2134,2021-07-16 11:06:56,1443.2,110757.0
2135,2021-07-16 11:06:54,1443.7,110723.0
2136,2021-07-16 11:06:52,1443.6,110645.0
2137,2021-07-16 11:06:51,1443.7,110641.0
2138,2021-07-16 11:06:48,1443.8,110611.0
2139,2021-07-16 11:06:46,1443.8,110597.0
2140,2021-07-16 11:06:44,1443.5,110538.0
2141,2021-07-16 11:06:43,1443.9,110516.0
2142,2021-07-16 11:06:40,1443.6,110500.0
2143,2021-07-16 11:06:39,1443.5,110348.0
2144,2021-07-16 11:06:36,1443.1,110347.0
2145,2021-07-16 11:06:34,1443.5,110346.0
2146,2021-07-16 11:06:32,1443.2,110294.0
2147,2021-07-16 11:06:30,1443.1,110271.0
2148,2021-07-16 11:06:29,1443.5,110268.0
2149,2021-07-16 11:06:27,1443.4,110223.0
2150,2021-07-16 11:06:25,1443.0,110171.0
2151,2021-07-16 11:06:23,1443.1,110167.0
2152,2021-07-16 11:06:18,1442.9,110128.0
2153,2021-07-16 11:06:14,1442.9,110090.0
2154,2021-07-16 11:06:12,1442.8,110035.0
2155,2021-07-16 11:06:11,1443.0,110022.0
2156,2021-07-16 11:06:09,1442.8,110018.0
2157,2021-07-16 11:06:06,1442.6,110016.0
2158,2021-07-16 11:06:04,1443.0,110004.0
2159,2021-07-16 11:06:03,1442.5,109973.0
2160,2021-07-16 11:05:58,1442.5,109966.0
2161,2021-07-16 11:05:56,1442.4,109945.0
2162,2021-07-16 11:05:54,1442.3,109939.0
2163,2021-07-16 11:05:52,1442.8,109903.0
2164,2021-07-16 11:05:50,1442.3,109885.0
2165,2021-07-16 11:05:48,1442.4,109876.0
2166,2021-07-16 11:05:46,1443.4,109740.0
2167,2021-07-16 11:05:44,1443.0,109734.0
2168,2021-07-16 11:05:43,1443.0,109716.0
2169,2021-07-16 11:05:40,1443.3,109661.0
2170,2021-07-16 11:05:39,1443.5,109658.0
2171,2021-07-16 11:05:37,1443.0,109630.0
2172,2021-07-16 11:05:34,1443.3,109528.0
2173,2021-07-16 11:05:29,1443.5,109377.0
2174,2021-07-16 11:05:26,1443.5,109367.0
2175,2021-07-16 11:05:25,1443.5,109365.0
2176,2021-07-16 11:05:22,1443.4,109348.0
2177,2021-07-16 11:05:18,1443.5,109305.0
2178,2021-07-16 11:05:13,1443.3,109288.0
2179,2021-07-16 11:05:08,1443.5,109261.0
2180,2021-07-16 11:05:04,1443.6,109091.0
2181,2021-07-16 11:05:00,1443.6,108970.0
2182,2021-07-16 11:04:54,1443.2,108867.0
2183,2021-07-16 11:04:52,1443.2,108846.0
2184,2021-07-16 11:04:50,1443.2,108834.0
2185,2021-07-16 11:04:46,1443.2,108788.0
2186,2021-07-16 11:04:42,1443.1,108716.0
2187,2021-07-16 11:04:36,1443.1,108628.0
2188,2021-07-16 11:04:34,1443.1,108580.0
2189,2021-07-16 11:04:32,1443.3,108540.0
2190,2021-07-16 11:04:28,1443.3,108516.0
2191,2021-07-16 11:04:26,1443.6,108450.0
2192,2021-07-16 11:04:20,1443.8,108239.0
2193,2021-07-16 11:04:18,1443.5,108178.0
2194,2021-07-16 11:04:12,1443.9,108161.0
2195,2021-07-16 11:04:08,1443.5,108124.0
2196,2021-07-16 11:04:06,1443.5,108115.0
2197,2021-07-16 11:04:04,1443.4,108096.0
2198,2021-07-16 11:04:02,1443.9,108032.0
2199,2021-07-16 11:04:01,1443.4,108010.0
2200,2021-07-16 11:03:58,1444.0,107961.0
2201,2021-07-16 11:03:56,1444.0,107882.0
2202,2021-07-16 11:03:54,1444.0,107864.0
2203,2021-07-16 11:03:52,1443.3,107840.0
2204,2021-07-16 11:03:50,1444.0,107827.0
2205,2021-07-16 11:03:48,1443.3,107502.0
2206,2021-07-16 11:03:44,1444.0,107454.0
2207,2021-07-16 11:03:42,1443.4,107226.0
2208,2021-07-16 11:03:40,1443.4,107201.0
2209,2021-07-16 11:03:38,1443.3,107196.0
2210,2021-07-16 11:03:36,1443.2,107139.0
2211,2021-07-16 11:03:30,1443.4,106951.0
2212,2021-07-16 11:03:24,1443.3,106868.0
2213,2021-07-16 11:03:18,1443.3,106774.0
2214,2021-07-16 11:03:16,1443.2,106691.0
2215,2021-07-16 11:03:15,1443.4,106627.0
2216,2021-07-16 11:03:10,1443.0,106510.0
2217,2021-07-16 11:03:04,1443.0,106421.0
2218,2021-07-16 11:02:58,1442.7,106106.0
2219,2021-07-16 11:02:52,1442.7,106012.0
2220,2021-07-16 11:02:49,1442.6,105940.0
2221,2021-07-16 11:02:44,1442.7,105836.0
2222,2021-07-16 11:02:43,1442.7,105831.0
2223,2021-07-16 11:02:40,1442.7,105812.0
2224,2021-07-16 11:02:38,1442.3,105809.0
2225,2021-07-16 11:02:36,1442.6,105718.0
2226,2021-07-16 11:02:32,1442.3,105623.0
2227,2021-07-16 11:02:30,1442.9,105484.0
2228,2021-07-16 11:02:28,1442.3,105383.0
2229,2021-07-16 11:02:26,1442.6,105253.0
2230,2021-07-16 11:02:20,1442.0,105076.0
2231,2021-07-16 11:02:12,1441.8,104752.0
2232,2021-07-16 11:02:08,1441.3,104678.0
2233,2021-07-16 11:02:06,1441.2,104665.0
2234,2021-07-16 11:02:04,1441.1,104654.0
2235,2021-07-16 11:02:02,1441.0,104639.0
2236,2021-07-16 11:02:00,1440.7,104587.0
2237,2021-07-16 11:01:58,1440.7,104539.0
2238,2021-07-16 11:01:54,1440.7,104525.0
2239,2021-07-16 11:01:52,1440.7,104513.0
2240,2021-07-16 11:01:50,1441.0,104512.0
2241,2021-07-16 11:01:48,1441.3,104498.0
2242,2021-07-16 11:01:44,1441.1,104343.0
2243,2021-07-16 11:01:42,1441.3,104340.0
2244,2021-07-16 11:01:41,1441.4,104284.0
2245,2021-07-16 11:01:38,1441.4,104275.0
2246,2021-07-16 11:01:36,1441.5,104249.0
2247,2021-07-16 11:01:34,1441.7,104229.0
2248,2021-07-16 11:01:32,1441.5,104208.0
2249,2021-07-16 11:01:30,1441.7,104205.0
2250,2021-07-16 11:01:28,1441.7,104188.0
2251,2021-07-16 11:01:26,1441.8,104183.0
2252,2021-07-16 11:01:24,1441.4,104170.0
2253,2021-07-16 11:01:22,1441.8,104129.0
2254,2021-07-16 11:01:20,1441.3,104074.0
2255,2021-07-16 11:01:18,1441.1,104070.0
2256,2021-07-16 11:01:16,1441.1,104069.0
2257,2021-07-16 11:01:14,1441.0,104030.0
2258,2021-07-16 11:01:12,1440.9,103951.0
2259,2021-07-16 11:01:10,1440.7,103946.0
2260,2021-07-16 11:01:08,1440.5,103931.0
2261,2021-07-16 11:01:06,1440.5,103921.0
2262,2021-07-16 11:01:04,1440.2,103919.0
2263,2021-07-16 11:01:02,1440.7,103912.0
2264,2021-07-16 11:00:58,1440.2,103843.0
2265,2021-07-16 11:00:54,1440.5,103768.0
2266,2021-07-16 11:00:48,1440.2,103704.0
2267,2021-07-16 11:00:46,1440.5,103681.0
2268,2021-07-16 11:00:42,1440.2,103639.0
2269,2021-07-16 11:00:38,1440.6,103616.0
2270,2021-07-16 11:00:36,1440.2,103604.0
2271,2021-07-16 11:00:32,1441.0,103540.0
2272,2021-07-16 11:00:28,1441.3,103500.0
2273,2021-07-16 11:00:26,1441.5,103496.0
2274,2021-07-16 11:00:24,1441.1,103473.0
2275,2021-07-16 11:00:22,1441.3,103409.0
2276,2021-07-16 11:00:17,1441.8,103346.0
2277,2021-07-16 11:00:10,1441.1,103210.0
2278,2021-07-16 11:00:08,1441.3,103030.0
2279,2021-07-16 11:00:06,1441.8,103017.0
2280,2021-07-16 11:00:04,1441.7,102917.0
2281,2021-07-16 11:00:02,1441.5,102879.0
2282,2021-07-16 11:00:00,1441.2,102846.0
2283,2021-07-16 10:59:58,1441.1,102845.0
2284,2021-07-16 10:59:56,1440.9,102715.0
2285,2021-07-16 10:59:54,1440.6,102633.0
2286,2021-07-16 10:59:52,1440.6,102628.0
2287,2021-07-16 10:59:50,1440.5,102585.0
2288,2021-07-16 10:59:48,1440.2,102460.0
2289,2021-07-16 10:59:46,1440.0,102292.0
2290,2021-07-16 10:59:44,1440.0,102288.0
2291,2021-07-16 10:59:42,1440.0,102280.0
2292,2021-07-16 10:59:41,1439.8,102191.0
2293,2021-07-16 10:59:38,1439.6,102177.0
2294,2021-07-16 10:59:36,1439.6,102154.0
2295,2021-07-16 10:59:34,1439.6,102139.0
2296,2021-07-16 10:59:32,1439.6,102096.0
2297,2021-07-16 10:59:30,1440.0,102092.0
2298,2021-07-16 10:59:29,1439.6,102091.0
2299,2021-07-16 10:59:26,1439.6,102045.0
2300,2021-07-16 10:59:22,1440.0,102012.0
2301,2021-07-16 10:59:18,1440.2,101949.0
2302,2021-07-16 10:59:16,1440.2,101948.0
2303,2021-07-16 10:59:14,1440.2,101924.0
2304,2021-07-16 10:59:10,1440.2,101828.0
2305,2021-07-16 10:59:06,1440.0,101745.0
2306,2021-07-16 10:59:02,1440.2,101724.0
2307,2021-07-16 10:58:58,1440.0,101677.0
2308,2021-07-16 10:58:52,1440.3,101632.0
2309,2021-07-16 10:58:48,1440.1,101579.0
2310,2021-07-16 10:58:46,1439.9,101549.0
2311,2021-07-16 10:58:44,1439.8,101537.0
2312,2021-07-16 10:58:42,1439.8,101524.0
2313,2021-07-16 10:58:39,1439.9,101494.0
2314,2021-07-16 10:58:32,1439.5,101404.0
2315,2021-07-16 10:58:28,1439.8,101319.0
2316,2021-07-16 10:58:24,1439.5,101279.0
2317,2021-07-16 10:58:20,1439.8,101241.0
2318,2021-07-16 10:58:16,1439.5,101231.0
2319,2021-07-16 10:58:14,1440.0,101191.0
2320,2021-07-16 10:58:08,1440.1,101070.0
2321,2021-07-16 10:58:06,1440.2,101069.0
2322,2021-07-16 10:58:04,1440.4,101037.0
2323,2021-07-16 10:58:02,1440.4,100993.0
2324,2021-07-16 10:58:00,1440.4,100991.0
2325,2021-07-16 10:57:58,1440.4,100941.0
2326,2021-07-16 10:57:56,1440.5,100919.0
2327,2021-07-16 10:57:54,1440.4,100907.0
2328,2021-07-16 10:57:52,1440.6,100893.0
2329,2021-07-16 10:57:50,1440.4,100873.0
2330,2021-07-16 10:57:48,1440.9,100858.0
2331,2021-07-16 10:57:42,1440.9,100720.0
2332,2021-07-16 10:57:36,1440.4,100624.0
2333,2021-07-16 10:57:29,1440.4,100545.0
2334,2021-07-16 10:57:26,1440.0,100498.0
2335,2021-07-16 10:57:24,1440.2,100476.0
2336,2021-07-16 10:57:22,1440.0,100385.0
2337,2021-07-16 10:57:17,1439.8,100216.0
2338,2021-07-16 10:57:10,1439.4,100056.0
2339,2021-07-16 10:57:07,1439.3,100012.0
2340,2021-07-16 10:57:02,1439.1,99990.0
2341,2021-07-16 10:56:58,1439.1,99960.0
2342,2021-07-16 10:56:56,1439.5,99929.0
2343,2021-07-16 10:56:54,1439.5,99927.0
2344,2021-07-16 10:56:52,1439.0,99843.0
2345,2021-07-16 10:56:48,1439.0,99801.0
2346,2021-07-16 10:56:44,1439.6,99781.0
2347,2021-07-16 10:56:38,1439.0,99746.0
2348,2021-07-16 10:56:36,1439.4,99745.0
2349,2021-07-16 10:56:32,1439.7,99572.0
2350,2021-07-16 10:56:28,1439.3,99453.0
2351,2021-07-16 10:56:27,1439.5,99446.0
2352,2021-07-16 10:56:24,1439.7,99396.0
2353,2021-07-16 10:56:20,1439.7,99299.0
2354,2021-07-16 10:56:16,1439.5,99254.0
2355,2021-07-16 10:56:10,1439.7,99120.0
2356,2021-07-16 10:56:08,1439.1,99057.0
2357,2021-07-16 10:56:06,1439.7,99032.0
2358,2021-07-16 10:56:04,1439.0,98973.0
2359,2021-07-16 10:56:02,1439.1,98904.0
2360,2021-07-16 10:56:00,1439.0,98870.0
2361,2021-07-16 10:55:58,1439.0,98819.0
2362,2021-07-16 10:55:56,1439.0,98785.0
2363,2021-07-16 10:55:54,1438.9,98770.0
2364,2021-07-16 10:55:52,1438.9,98708.0
2365,2021-07-16 10:55:50,1438.8,98705.0
2366,2021-07-16 10:55:48,1438.8,98667.0
2367,2021-07-16 10:55:46,1438.8,98645.0
2368,2021-07-16 10:55:44,1438.9,98570.0
2369,2021-07-16 10:55:42,1438.6,98542.0
2370,2021-07-16 10:55:40,1438.6,98487.0
2371,2021-07-16 10:55:38,1438.6,98392.0
2372,2021-07-16 10:55:36,1438.6,98388.0
2373,2021-07-16 10:55:34,1438.6,98371.0
2374,2021-07-16 10:55:32,1438.2,98315.0
2375,2021-07-16 10:55:30,1438.2,98242.0
2376,2021-07-16 10:55:28,1437.6,98179.0
2377,2021-07-16 10:55:26,1437.5,98132.0
2378,2021-07-16 10:55:24,1437.5,98007.0
2379,2021-07-16 10:55:22,1437.5,97957.0
2380,2021-07-16 10:55:20,1437.4,97843.0
2381,2021-07-16 10:55:18,1437.3,97753.0
2382,2021-07-16 10:55:16,1437.5,97691.0
2383,2021-07-16 10:55:14,1437.1,97623.0
2384,2021-07-16 10:55:12,1437.0,97489.0
2385,2021-07-16 10:55:10,1437.0,97299.0
2386,2021-07-16 10:55:08,1437.1,97200.0
2387,2021-07-16 10:55:06,1437.7,97007.0
2388,2021-07-16 10:55:04,1438.1,96949.0
2389,2021-07-16 10:55:02,1438.2,96667.0
2390,2021-07-16 10:55:00,1438.3,96657.0
2391,2021-07-16 10:54:58,1438.2,96643.0
2392,2021-07-16 10:54:56,1438.4,96574.0
2393,2021-07-16 10:54:54,1438.5,96549.0
2394,2021-07-16 10:54:52,1438.8,96500.0
2395,2021-07-16 10:54:50,1438.8,96445.0
2396,2021-07-16 10:54:48,1439.0,96293.0
2397,2021-07-16 10:54:44,1438.8,96168.0
2398,2021-07-16 10:54:38,1438.8,96038.0
2399,2021-07-16 10:54:36,1439.0,95846.0
2400,2021-07-16 10:54:34,1438.9,95746.0
2401,2021-07-16 10:54:30,1438.7,95526.0
2402,2021-07-16 10:54:26,1438.6,95403.0
2403,2021-07-16 10:54:18,1439.2,95043.0
2404,2021-07-16 10:54:12,1439.6,94927.0
2405,2021-07-16 10:54:08,1439.8,94822.0
2406,2021-07-16 10:54:06,1440.0,94816.0
2407,2021-07-16 10:54:04,1440.2,94694.0
2408,2021-07-16 10:54:02,1440.2,94628.0
2409,2021-07-16 10:54:00,1440.4,94505.0
2410,2021-07-16 10:53:58,1440.6,94480.0
2411,2021-07-16 10:53:56,1440.6,94464.0
2412,2021-07-16 10:53:54,1440.6,94457.0
2413,2021-07-16 10:53:52,1440.6,94424.0
2414,2021-07-16 10:53:50,1440.6,94417.0
2415,2021-07-16 10:53:48,1440.3,94380.0
2416,2021-07-16 10:53:46,1440.4,94358.0
2417,2021-07-16 10:53:44,1440.2,94356.0
2418,2021-07-16 10:53:42,1440.2,94326.0
2419,2021-07-16 10:53:40,1440.2,94316.0
2420,2021-07-16 10:53:38,1440.4,94305.0
2421,2021-07-16 10:53:36,1440.2,94280.0
2422,2021-07-16 10:53:34,1440.7,94261.0
2423,2021-07-16 10:53:32,1440.0,94253.0
2424,2021-07-16 10:53:30,1440.0,94216.0
2425,2021-07-16 10:53:28,1440.0,94183.0
2426,2021-07-16 10:53:22,1440.0,94052.0
2427,2021-07-16 10:53:18,1440.0,93950.0
2428,2021-07-16 10:53:10,1439.6,93662.0
2429,2021-07-16 10:53:04,1439.6,93566.0
2430,2021-07-16 10:52:58,1439.5,93378.0
2431,2021-07-16 10:52:56,1439.6,93270.0
2432,2021-07-16 10:52:54,1439.5,93168.0
2433,2021-07-16 10:52:46,1439.9,92790.0
2434,2021-07-16 10:52:40,1440.0,92393.0
2435,2021-07-16 10:52:34,1440.5,92200.0
2436,2021-07-16 10:52:28,1440.9,92145.0
2437,2021-07-16 10:52:26,1440.9,92113.0
2438,2021-07-16 10:52:24,1440.9,92080.0
2439,2021-07-16 10:52:20,1441.3,91913.0
2440,2021-07-16 10:52:16,1441.7,91805.0
2441,2021-07-16 10:52:12,1441.8,91795.0
2442,2021-07-16 10:52:10,1441.9,91776.0
2443,2021-07-16 10:52:08,1441.9,91732.0
2444,2021-07-16 10:52:06,1441.9,91706.0
2445,2021-07-16 10:52:04,1442.0,91692.0
2446,2021-07-16 10:52:02,1442.0,91662.0
2447,2021-07-16 10:52:00,1441.8,91640.0
2448,2021-07-16 10:51:58,1441.9,91628.0
2449,2021-07-16 10:51:56,1441.8,91619.0
2450,2021-07-16 10:51:54,1441.9,91571.0
2451,2021-07-16 10:51:52,1441.8,91501.0
2452,2021-07-16 10:51:50,1441.8,91490.0
2453,2021-07-16 10:51:48,1441.7,91424.0
2454,2021-07-16 10:51:46,1441.9,91411.0
2455,2021-07-16 10:51:44,1441.5,91404.0
2456,2021-07-16 10:51:42,1441.7,91390.0
2457,2021-07-16 10:51:40,1441.5,91372.0
2458,2021-07-16 10:51:38,1441.5,91362.0
2459,2021-07-16 10:51:36,1441.5,91349.0
2460,2021-07-16 10:51:34,1441.3,91327.0
2461,2021-07-16 10:51:32,1441.2,91325.0
2462,2021-07-16 10:51:30,1441.1,91317.0
2463,2021-07-16 10:51:28,1441.1,91314.0
2464,2021-07-16 10:51:26,1441.3,91300.0
2465,2021-07-16 10:51:20,1441.1,91212.0
2466,2021-07-16 10:51:16,1441.0,91170.0
2467,2021-07-16 10:51:12,1440.8,91143.0
