,Time,Price,Volume
0,2021-07-16 14:45:03,1368.0,307734.0
1,2021-07-16 14:30:03,1369.0,303198.0
2,2021-07-16 14:29:57,1369.2,302984.0
3,2021-07-16 14:29:53,1370.0,302881.0
4,2021-07-16 14:29:48,1369.6,302689.0
5,2021-07-16 14:29:44,1370.0,302473.0
6,2021-07-16 14:29:39,1369.1,302341.0
7,2021-07-16 14:29:29,1369.5,302257.0
8,2021-07-16 14:29:25,1369.0,302176.0
9,2021-07-16 14:29:19,1369.0,302074.0
10,2021-07-16 14:29:15,1369.9,301829.0
11,2021-07-16 14:29:10,1369.5,301764.0
12,2021-07-16 14:29:05,1369.4,301684.0
13,2021-07-16 14:28:56,1369.7,301555.0
14,2021-07-16 14:28:51,1369.7,301519.0
15,2021-07-16 14:28:46,1369.7,301388.0
16,2021-07-16 14:28:42,1369.4,301274.0
17,2021-07-16 14:28:37,1370.0,301240.0
18,2021-07-16 14:28:32,1370.0,301239.0
19,2021-07-16 14:28:27,1369.1,301077.0
20,2021-07-16 14:28:22,1369.9,301004.0
21,2021-07-16 14:28:17,1369.0,300970.0
22,2021-07-16 14:28:12,1369.9,300685.0
23,2021-07-16 14:28:07,1369.0,300649.0
24,2021-07-16 14:28:02,1369.2,300581.0
25,2021-07-16 14:27:58,1370.0,300552.0
26,2021-07-16 14:27:53,1369.5,300491.0
27,2021-07-16 14:27:48,1369.0,300428.0
28,2021-07-16 14:27:43,1370.1,300319.0
29,2021-07-16 14:27:38,1370.0,300229.0
30,2021-07-16 14:27:33,1370.2,300074.0
31,2021-07-16 14:27:28,1370.0,299955.0
32,2021-07-16 14:27:23,1370.7,299826.0
33,2021-07-16 14:27:19,1370.0,299705.0
34,2021-07-16 14:27:14,1370.7,299563.0
35,2021-07-16 14:27:09,1370.1,299498.0
36,2021-07-16 14:27:04,1370.7,299406.0
37,2021-07-16 14:27:00,1370.7,299262.0
38,2021-07-16 14:26:55,1370.7,299212.0
39,2021-07-16 14:26:50,1370.1,299131.0
40,2021-07-16 14:26:44,1370.0,299048.0
41,2021-07-16 14:26:38,1370.1,298918.0
42,2021-07-16 14:26:33,1369.5,298569.0
43,2021-07-16 14:26:28,1369.0,298366.0
44,2021-07-16 14:26:24,1369.5,298298.0
45,2021-07-16 14:26:20,1369.0,298168.0
46,2021-07-16 14:26:15,1369.0,298013.0
47,2021-07-16 14:26:10,1369.0,297854.0
48,2021-07-16 14:26:05,1368.1,297764.0
49,2021-07-16 14:26:00,1368.0,297486.0
50,2021-07-16 14:25:56,1367.8,297375.0
51,2021-07-16 14:25:51,1368.9,297264.0
52,2021-07-16 14:25:46,1368.6,297099.0
53,2021-07-16 14:25:41,1369.9,296904.0
54,2021-07-16 14:25:36,1370.1,296764.0
55,2021-07-16 14:25:31,1371.2,296698.0
56,2021-07-16 14:25:26,1371.2,296625.0
57,2021-07-16 14:25:21,1372.0,296280.0
58,2021-07-16 14:25:07,1372.0,295791.0
59,2021-07-16 14:25:02,1371.1,295719.0
60,2021-07-16 14:24:58,1371.8,295706.0
61,2021-07-16 14:24:53,1371.1,295659.0
62,2021-07-16 14:24:48,1370.3,295543.0
63,2021-07-16 14:24:43,1371.1,295413.0
64,2021-07-16 14:24:38,1370.1,295233.0
65,2021-07-16 14:24:33,1370.2,295098.0
66,2021-07-16 14:24:29,1370.0,294923.0
67,2021-07-16 14:24:19,1370.0,294084.0
68,2021-07-16 14:24:10,1370.0,293773.0
69,2021-07-16 14:24:06,1370.9,293707.0
70,2021-07-16 14:24:01,1370.9,293467.0
71,2021-07-16 14:23:56,1370.9,293121.0
72,2021-07-16 14:23:52,1371.1,292864.0
73,2021-07-16 14:23:47,1371.1,292617.0
74,2021-07-16 14:23:42,1371.9,292540.0
75,2021-07-16 14:23:38,1372.0,292367.0
76,2021-07-16 14:23:33,1372.1,292315.0
77,2021-07-16 14:23:29,1373.0,292218.0
78,2021-07-16 14:23:24,1373.0,292069.0
79,2021-07-16 14:23:15,1373.1,291890.0
80,2021-07-16 14:23:10,1373.5,291780.0
81,2021-07-16 14:23:06,1373.0,291633.0
82,2021-07-16 14:23:02,1373.1,291162.0
83,2021-07-16 14:22:52,1374.0,290856.0
84,2021-07-16 14:22:46,1373.0,290682.0
85,2021-07-16 14:22:41,1373.5,290632.0
86,2021-07-16 14:22:37,1374.4,290476.0
87,2021-07-16 14:22:31,1374.5,290264.0
88,2021-07-16 14:22:26,1374.7,290053.0
89,2021-07-16 14:22:22,1374.2,289916.0
90,2021-07-16 14:22:17,1374.8,289693.0
91,2021-07-16 14:22:13,1375.0,289607.0
92,2021-07-16 14:22:08,1375.0,289513.0
93,2021-07-16 14:22:04,1375.2,289403.0
94,2021-07-16 14:21:59,1376.8,289221.0
95,2021-07-16 14:21:54,1377.0,289162.0
96,2021-07-16 14:21:50,1377.5,289118.0
97,2021-07-16 14:21:46,1377.5,289034.0
98,2021-07-16 14:21:41,1377.4,288980.0
99,2021-07-16 14:21:37,1377.0,288910.0
100,2021-07-16 14:21:32,1377.0,288830.0
101,2021-07-16 14:21:27,1376.7,288762.0
102,2021-07-16 14:21:18,1376.7,288669.0
103,2021-07-16 14:21:13,1377.0,288602.0
104,2021-07-16 14:21:09,1376.3,288527.0
105,2021-07-16 14:21:05,1376.3,288426.0
106,2021-07-16 14:20:56,1376.3,288346.0
107,2021-07-16 14:20:51,1376.2,288222.0
108,2021-07-16 14:20:46,1376.8,288144.0
109,2021-07-16 14:20:42,1377.5,288107.0
110,2021-07-16 14:20:38,1377.8,287891.0
111,2021-07-16 14:20:33,1376.0,287865.0
112,2021-07-16 14:20:29,1377.6,287814.0
113,2021-07-16 14:20:24,1376.0,287748.0
114,2021-07-16 14:20:20,1375.9,287639.0
115,2021-07-16 14:20:15,1375.9,287549.0
116,2021-07-16 14:20:11,1375.4,287387.0
117,2021-07-16 14:20:06,1375.9,287314.0
118,2021-07-16 14:20:01,1375.0,287237.0
119,2021-07-16 14:19:57,1375.0,287074.0
120,2021-07-16 14:19:52,1375.0,286970.0
121,2021-07-16 14:19:48,1375.0,286662.0
122,2021-07-16 14:19:43,1374.9,286503.0
123,2021-07-16 14:19:37,1374.1,286281.0
124,2021-07-16 14:19:33,1375.0,286045.0
125,2021-07-16 14:19:28,1374.1,285825.0
126,2021-07-16 14:19:23,1375.5,285699.0
127,2021-07-16 14:19:19,1375.0,285545.0
128,2021-07-16 14:19:14,1376.9,284636.0
129,2021-07-16 14:19:10,1376.5,284579.0
130,2021-07-16 14:19:05,1376.5,284273.0
131,2021-07-16 14:18:57,1376.8,283840.0
132,2021-07-16 14:18:49,1377.9,283440.0
133,2021-07-16 14:18:44,1377.8,283340.0
134,2021-07-16 14:18:40,1378.0,283257.0
135,2021-07-16 14:18:35,1379.0,283209.0
136,2021-07-16 14:18:31,1378.7,283115.0
137,2021-07-16 14:18:27,1379.5,282981.0
138,2021-07-16 14:18:22,1379.6,282938.0
139,2021-07-16 14:18:18,1379.6,282926.0
140,2021-07-16 14:18:14,1379.5,282863.0
141,2021-07-16 14:18:09,1379.8,282848.0
142,2021-07-16 14:18:05,1379.2,282836.0
143,2021-07-16 14:18:00,1379.9,282672.0
144,2021-07-16 14:17:56,1379.2,282657.0
145,2021-07-16 14:17:51,1379.2,282647.0
146,2021-07-16 14:17:46,1379.1,282599.0
147,2021-07-16 14:17:41,1380.7,282486.0
148,2021-07-16 14:17:37,1380.9,282460.0
149,2021-07-16 14:17:33,1381.2,282421.0
150,2021-07-16 14:17:28,1381.2,282167.0
151,2021-07-16 14:17:23,1381.2,282104.0
152,2021-07-16 14:17:18,1379.1,281897.0
153,2021-07-16 14:17:14,1379.0,281767.0
154,2021-07-16 14:17:05,1378.0,281512.0
155,2021-07-16 14:17:01,1378.4,281418.0
156,2021-07-16 14:16:56,1377.2,281302.0
157,2021-07-16 14:16:52,1377.6,281263.0
158,2021-07-16 14:16:44,1377.0,280805.0
159,2021-07-16 14:16:39,1378.4,280365.0
160,2021-07-16 14:16:30,1378.2,280205.0
161,2021-07-16 14:16:26,1378.4,280093.0
162,2021-07-16 14:16:16,1379.5,279836.0
163,2021-07-16 14:16:12,1379.0,279720.0
164,2021-07-16 14:16:08,1379.5,279621.0
165,2021-07-16 14:16:03,1380.0,279543.0
166,2021-07-16 14:15:59,1380.0,279404.0
167,2021-07-16 14:15:54,1380.6,279281.0
168,2021-07-16 14:15:50,1380.9,279233.0
169,2021-07-16 14:15:46,1381.0,279221.0
170,2021-07-16 14:15:42,1381.5,279128.0
171,2021-07-16 14:15:38,1381.8,279087.0
172,2021-07-16 14:15:33,1381.7,279076.0
173,2021-07-16 14:15:29,1381.9,279061.0
174,2021-07-16 14:15:25,1382.3,279049.0
175,2021-07-16 14:15:21,1382.0,279040.0
176,2021-07-16 14:15:17,1382.3,278993.0
177,2021-07-16 14:15:12,1382.5,278923.0
178,2021-07-16 14:15:08,1382.5,278879.0
179,2021-07-16 14:15:04,1382.7,278843.0
180,2021-07-16 14:15:00,1382.7,278745.0
181,2021-07-16 14:14:56,1382.7,278689.0
182,2021-07-16 14:14:52,1382.1,278524.0
183,2021-07-16 14:14:48,1382.0,278506.0
184,2021-07-16 14:14:43,1381.8,278463.0
185,2021-07-16 14:14:39,1381.9,278432.0
186,2021-07-16 14:14:35,1382.0,278414.0
187,2021-07-16 14:14:30,1382.0,278399.0
188,2021-07-16 14:14:26,1382.0,278348.0
189,2021-07-16 14:14:18,1381.3,278173.0
190,2021-07-16 14:14:14,1381.2,278102.0
191,2021-07-16 14:14:10,1381.1,278072.0
192,2021-07-16 14:14:06,1380.5,278062.0
193,2021-07-16 14:14:01,1381.0,278033.0
194,2021-07-16 14:13:57,1381.2,277994.0
195,2021-07-16 14:13:53,1381.0,277951.0
196,2021-07-16 14:13:49,1381.0,277936.0
197,2021-07-16 14:13:44,1382.2,277881.0
198,2021-07-16 14:13:40,1382.3,277845.0
199,2021-07-16 14:13:36,1382.5,277827.0
200,2021-07-16 14:13:31,1382.0,277793.0
201,2021-07-16 14:13:27,1382.5,277744.0
202,2021-07-16 14:13:23,1383.6,277666.0
203,2021-07-16 14:13:19,1383.8,277540.0
204,2021-07-16 14:13:14,1383.6,277419.0
205,2021-07-16 14:13:09,1382.5,277328.0
206,2021-07-16 14:13:05,1382.0,277130.0
207,2021-07-16 14:13:00,1381.7,276997.0
208,2021-07-16 14:12:56,1380.7,276934.0
209,2021-07-16 14:12:51,1380.3,276775.0
210,2021-07-16 14:12:43,1379.9,276625.0
211,2021-07-16 14:12:38,1379.0,276441.0
212,2021-07-16 14:12:29,1379.1,276237.0
213,2021-07-16 14:12:25,1379.0,276055.0
214,2021-07-16 14:12:21,1379.6,275987.0
215,2021-07-16 14:12:16,1380.5,275816.0
216,2021-07-16 14:12:12,1380.5,275810.0
217,2021-07-16 14:12:08,1381.0,275748.0
218,2021-07-16 14:12:04,1381.2,275708.0
219,2021-07-16 14:11:59,1381.3,275632.0
220,2021-07-16 14:11:55,1381.2,275621.0
221,2021-07-16 14:11:51,1381.0,275555.0
222,2021-07-16 14:11:47,1381.2,275532.0
223,2021-07-16 14:11:38,1381.2,275434.0
224,2021-07-16 14:11:33,1380.7,275386.0
225,2021-07-16 14:11:29,1380.7,275351.0
226,2021-07-16 14:11:25,1380.5,275177.0
227,2021-07-16 14:11:21,1380.2,275129.0
228,2021-07-16 14:11:16,1380.7,275098.0
229,2021-07-16 14:11:12,1380.5,275080.0
230,2021-07-16 14:11:08,1380.2,275063.0
231,2021-07-16 14:11:04,1380.0,274947.0
232,2021-07-16 14:10:59,1380.0,274904.0
233,2021-07-16 14:10:55,1380.2,274800.0
234,2021-07-16 14:10:51,1379.9,274535.0
235,2021-07-16 14:10:47,1380.0,274437.0
236,2021-07-16 14:10:42,1380.0,274350.0
237,2021-07-16 14:10:38,1380.0,274336.0
238,2021-07-16 14:10:34,1379.9,274247.0
239,2021-07-16 14:10:30,1380.0,274068.0
240,2021-07-16 14:10:21,1379.7,273947.0
241,2021-07-16 14:10:17,1379.9,273919.0
242,2021-07-16 14:10:13,1379.6,273831.0
243,2021-07-16 14:10:08,1379.7,273748.0
244,2021-07-16 14:10:03,1379.6,273569.0
245,2021-07-16 14:09:59,1378.7,273519.0
246,2021-07-16 14:09:55,1378.9,273280.0
247,2021-07-16 14:09:50,1378.6,273092.0
248,2021-07-16 14:09:46,1378.1,272981.0
249,2021-07-16 14:09:42,1379.0,272711.0
250,2021-07-16 14:09:37,1380.3,272230.0
251,2021-07-16 14:09:33,1380.6,271870.0
252,2021-07-16 14:09:29,1381.0,271637.0
253,2021-07-16 14:09:24,1382.0,271577.0
254,2021-07-16 14:09:20,1382.8,271228.0
255,2021-07-16 14:09:16,1382.9,271213.0
256,2021-07-16 14:09:11,1382.8,271198.0
257,2021-07-16 14:09:07,1383.0,271171.0
258,2021-07-16 14:09:03,1382.8,271129.0
259,2021-07-16 14:08:58,1383.0,271096.0
260,2021-07-16 14:08:54,1383.0,271074.0
261,2021-07-16 14:08:50,1383.0,271042.0
262,2021-07-16 14:08:46,1383.0,271014.0
263,2021-07-16 14:08:42,1383.2,270997.0
264,2021-07-16 14:08:38,1383.0,270961.0
265,2021-07-16 14:08:34,1382.7,270853.0
266,2021-07-16 14:08:29,1383.2,270839.0
267,2021-07-16 14:08:25,1382.8,270810.0
268,2021-07-16 14:08:21,1382.9,270771.0
269,2021-07-16 14:08:17,1382.4,270741.0
270,2021-07-16 14:08:13,1382.8,270702.0
271,2021-07-16 14:08:09,1382.4,270681.0
272,2021-07-16 14:08:05,1382.2,270678.0
273,2021-07-16 14:08:00,1382.4,270624.0
274,2021-07-16 14:07:55,1382.8,270582.0
275,2021-07-16 14:07:50,1381.2,270530.0
276,2021-07-16 14:07:46,1381.3,270451.0
277,2021-07-16 14:07:42,1381.2,270307.0
278,2021-07-16 14:07:37,1381.1,270195.0
279,2021-07-16 14:07:32,1381.2,269987.0
280,2021-07-16 14:07:28,1381.3,269844.0
281,2021-07-16 14:07:24,1381.1,269667.0
282,2021-07-16 14:07:20,1381.1,269537.0
283,2021-07-16 14:07:16,1382.6,269378.0
284,2021-07-16 14:07:11,1383.2,269071.0
285,2021-07-16 14:07:06,1383.3,269033.0
286,2021-07-16 14:07:02,1383.5,268997.0
287,2021-07-16 14:06:58,1383.2,268958.0
288,2021-07-16 14:06:54,1383.6,268919.0
289,2021-07-16 14:06:50,1383.2,268882.0
290,2021-07-16 14:06:46,1383.0,268825.0
291,2021-07-16 14:06:41,1383.0,268679.0
292,2021-07-16 14:06:37,1382.9,268572.0
293,2021-07-16 14:06:33,1382.0,268354.0
294,2021-07-16 14:06:28,1382.5,268250.0
295,2021-07-16 14:06:24,1383.1,268167.0
296,2021-07-16 14:06:20,1384.4,268066.0
297,2021-07-16 14:06:16,1384.1,267972.0
298,2021-07-16 14:06:11,1385.0,267914.0
299,2021-07-16 14:06:06,1385.0,267903.0
300,2021-07-16 14:06:02,1385.2,267846.0
301,2021-07-16 14:05:59,1385.6,267824.0
302,2021-07-16 14:05:55,1385.6,267726.0
303,2021-07-16 14:05:50,1385.1,267669.0
304,2021-07-16 14:05:45,1385.6,267627.0
305,2021-07-16 14:05:41,1386.0,267607.0
306,2021-07-16 14:05:37,1386.3,267548.0
307,2021-07-16 14:05:33,1386.5,267496.0
308,2021-07-16 14:05:28,1386.0,267430.0
309,2021-07-16 14:05:24,1386.5,267294.0
310,2021-07-16 14:05:18,1386.6,267149.0
311,2021-07-16 14:05:14,1386.7,267110.0
312,2021-07-16 14:05:09,1386.7,266936.0
313,2021-07-16 14:05:05,1386.7,266886.0
314,2021-07-16 14:05:01,1386.7,266865.0
315,2021-07-16 14:04:57,1386.7,266758.0
316,2021-07-16 14:04:52,1386.7,266655.0
317,2021-07-16 14:04:48,1386.7,266569.0
318,2021-07-16 14:04:40,1386.7,266390.0
319,2021-07-16 14:04:36,1386.6,266317.0
320,2021-07-16 14:04:31,1387.0,266235.0
321,2021-07-16 14:04:27,1386.6,266162.0
322,2021-07-16 14:04:23,1387.0,266150.0
323,2021-07-16 14:04:18,1388.0,265974.0
324,2021-07-16 14:04:10,1386.6,265870.0
325,2021-07-16 14:04:06,1387.8,265826.0
326,2021-07-16 14:04:03,1386.5,265666.0
327,2021-07-16 14:03:58,1386.6,265579.0
328,2021-07-16 14:03:54,1386.1,265530.0
329,2021-07-16 14:03:50,1385.2,265450.0
330,2021-07-16 14:03:46,1385.1,265404.0
331,2021-07-16 14:03:41,1385.0,265201.0
332,2021-07-16 14:03:37,1385.0,265179.0
333,2021-07-16 14:03:33,1384.5,265003.0
334,2021-07-16 14:03:30,1384.5,264940.0
335,2021-07-16 14:03:25,1384.5,264930.0
336,2021-07-16 14:03:21,1384.5,264889.0
337,2021-07-16 14:03:17,1384.0,264847.0
338,2021-07-16 14:03:12,1384.5,264762.0
339,2021-07-16 14:03:07,1384.0,264709.0
340,2021-07-16 14:02:59,1384.6,264658.0
341,2021-07-16 14:02:55,1383.9,264648.0
342,2021-07-16 14:02:51,1384.0,264538.0
343,2021-07-16 14:02:48,1384.0,264474.0
344,2021-07-16 14:02:43,1384.0,264414.0
345,2021-07-16 14:02:39,1383.6,264323.0
346,2021-07-16 14:02:35,1383.9,264260.0
347,2021-07-16 14:02:26,1383.5,264165.0
348,2021-07-16 14:02:23,1383.5,264128.0
349,2021-07-16 14:02:19,1382.8,264097.0
350,2021-07-16 14:02:14,1382.6,264035.0
351,2021-07-16 14:02:10,1383.0,264001.0
352,2021-07-16 14:02:06,1382.8,263913.0
353,2021-07-16 14:02:02,1382.2,263888.0
354,2021-07-16 14:01:58,1382.6,263784.0
355,2021-07-16 14:01:54,1382.6,263719.0
356,2021-07-16 14:01:50,1382.8,263613.0
357,2021-07-16 14:01:46,1383.1,263561.0
358,2021-07-16 14:01:42,1383.5,263243.0
359,2021-07-16 14:01:38,1383.7,263177.0
360,2021-07-16 14:01:34,1383.7,263161.0
361,2021-07-16 14:01:30,1383.8,263087.0
362,2021-07-16 14:01:26,1383.9,263078.0
363,2021-07-16 14:01:22,1383.7,263043.0
364,2021-07-16 14:01:17,1383.9,262953.0
365,2021-07-16 14:01:13,1383.5,262922.0
366,2021-07-16 14:01:09,1384.5,262793.0
367,2021-07-16 14:01:05,1383.1,262694.0
368,2021-07-16 14:01:00,1383.5,262563.0
369,2021-07-16 14:00:56,1383.0,262528.0
370,2021-07-16 14:00:51,1383.1,262506.0
371,2021-07-16 14:00:47,1383.1,262167.0
372,2021-07-16 14:00:43,1383.0,262076.0
373,2021-07-16 14:00:39,1382.8,262028.0
374,2021-07-16 14:00:35,1383.1,261860.0
375,2021-07-16 14:00:31,1383.0,261845.0
376,2021-07-16 14:00:26,1384.0,261738.0
377,2021-07-16 14:00:21,1383.5,261635.0
378,2021-07-16 14:00:16,1384.0,261606.0
379,2021-07-16 14:00:11,1383.9,261568.0
380,2021-07-16 14:00:07,1384.0,261517.0
381,2021-07-16 14:00:03,1384.0,261473.0
382,2021-07-16 13:59:59,1384.0,261393.0
383,2021-07-16 13:59:55,1384.0,261321.0
384,2021-07-16 13:59:51,1384.0,261291.0
385,2021-07-16 13:59:47,1383.7,261207.0
386,2021-07-16 13:59:43,1384.0,261196.0
387,2021-07-16 13:59:39,1383.7,261099.0
388,2021-07-16 13:59:35,1384.0,261081.0
389,2021-07-16 13:59:31,1384.0,261055.0
390,2021-07-16 13:59:27,1384.3,260919.0
391,2021-07-16 13:59:24,1384.0,260834.0
392,2021-07-16 13:59:15,1384.3,260716.0
393,2021-07-16 13:59:11,1384.2,260650.0
394,2021-07-16 13:59:07,1384.3,260596.0
395,2021-07-16 13:59:03,1384.2,260540.0
396,2021-07-16 13:58:59,1384.2,260442.0
397,2021-07-16 13:58:54,1383.6,260241.0
398,2021-07-16 13:58:50,1383.6,260178.0
399,2021-07-16 13:58:46,1383.0,260007.0
400,2021-07-16 13:58:39,1383.6,259714.0
401,2021-07-16 13:58:31,1383.0,259546.0
402,2021-07-16 13:58:27,1383.0,259509.0
403,2021-07-16 13:58:22,1384.2,259239.0
404,2021-07-16 13:58:17,1384.2,259163.0
405,2021-07-16 13:58:09,1384.3,259106.0
406,2021-07-16 13:58:05,1384.3,259088.0
407,2021-07-16 13:58:01,1384.3,259054.0
408,2021-07-16 13:57:56,1384.8,258949.0
409,2021-07-16 13:57:52,1384.3,258858.0
410,2021-07-16 13:57:48,1384.9,258767.0
411,2021-07-16 13:57:43,1385.0,258724.0
412,2021-07-16 13:57:39,1384.7,258697.0
413,2021-07-16 13:57:34,1384.9,258637.0
414,2021-07-16 13:57:26,1385.5,258343.0
415,2021-07-16 13:57:22,1385.5,258218.0
416,2021-07-16 13:57:13,1385.2,258073.0
417,2021-07-16 13:57:09,1385.5,258002.0
418,2021-07-16 13:57:06,1385.3,257974.0
419,2021-07-16 13:57:01,1385.5,257930.0
420,2021-07-16 13:56:57,1385.9,257846.0
421,2021-07-16 13:56:53,1385.2,257783.0
422,2021-07-16 13:56:49,1385.9,257685.0
423,2021-07-16 13:56:45,1385.9,257616.0
424,2021-07-16 13:56:40,1385.9,257544.0
425,2021-07-16 13:56:35,1386.5,257501.0
426,2021-07-16 13:56:31,1386.0,257355.0
427,2021-07-16 13:56:26,1386.4,257190.0
428,2021-07-16 13:56:18,1386.2,257080.0
429,2021-07-16 13:56:14,1386.4,257022.0
430,2021-07-16 13:56:10,1386.2,256937.0
431,2021-07-16 13:56:07,1386.1,256904.0
432,2021-07-16 13:56:03,1386.4,256872.0
433,2021-07-16 13:55:59,1386.3,256808.0
434,2021-07-16 13:55:55,1386.0,256768.0
435,2021-07-16 13:55:51,1386.4,256694.0
436,2021-07-16 13:55:47,1386.3,256614.0
437,2021-07-16 13:55:44,1386.1,256587.0
438,2021-07-16 13:55:40,1386.1,256581.0
439,2021-07-16 13:55:35,1386.6,256434.0
440,2021-07-16 13:55:31,1386.4,256404.0
441,2021-07-16 13:55:26,1386.8,256317.0
442,2021-07-16 13:55:21,1386.6,256285.0
443,2021-07-16 13:55:16,1386.8,256262.0
444,2021-07-16 13:55:12,1386.7,256193.0
445,2021-07-16 13:55:09,1386.8,256153.0
446,2021-07-16 13:55:04,1386.6,256082.0
447,2021-07-16 13:55:01,1386.8,256055.0
448,2021-07-16 13:54:57,1386.5,255978.0
449,2021-07-16 13:54:53,1386.1,255944.0
450,2021-07-16 13:54:49,1386.1,255808.0
451,2021-07-16 13:54:45,1385.8,255705.0
452,2021-07-16 13:54:41,1386.0,255605.0
453,2021-07-16 13:54:36,1385.8,255468.0
454,2021-07-16 13:54:32,1386.1,255322.0
455,2021-07-16 13:54:28,1386.0,255265.0
456,2021-07-16 13:54:24,1386.4,255212.0
457,2021-07-16 13:54:20,1386.5,255173.0
458,2021-07-16 13:54:16,1387.0,255081.0
459,2021-07-16 13:54:12,1387.0,255039.0
460,2021-07-16 13:54:08,1387.0,254995.0
461,2021-07-16 13:54:04,1387.0,254917.0
462,2021-07-16 13:54:00,1387.0,254883.0
463,2021-07-16 13:53:56,1387.4,254783.0
464,2021-07-16 13:53:52,1387.0,254713.0
465,2021-07-16 13:53:47,1387.4,254648.0
466,2021-07-16 13:53:43,1387.0,254565.0
467,2021-07-16 13:53:36,1387.8,254451.0
468,2021-07-16 13:53:32,1387.4,254420.0
469,2021-07-16 13:53:28,1387.7,254364.0
470,2021-07-16 13:53:23,1387.4,254299.0
471,2021-07-16 13:53:20,1387.7,254237.0
472,2021-07-16 13:53:11,1387.7,254159.0
473,2021-07-16 13:53:07,1388.1,254084.0
474,2021-07-16 13:52:59,1389.6,253607.0
475,2021-07-16 13:52:56,1388.9,253329.0
476,2021-07-16 13:52:48,1389.0,253213.0
477,2021-07-16 13:52:43,1388.9,253186.0
478,2021-07-16 13:52:39,1388.2,253088.0
479,2021-07-16 13:52:35,1388.1,253021.0
480,2021-07-16 13:52:31,1387.8,252956.0
481,2021-07-16 13:52:27,1387.8,252922.0
482,2021-07-16 13:52:24,1387.8,252894.0
483,2021-07-16 13:52:20,1387.5,252844.0
484,2021-07-16 13:52:16,1387.4,252820.0
485,2021-07-16 13:52:13,1387.5,252797.0
486,2021-07-16 13:52:09,1387.5,252770.0
487,2021-07-16 13:52:05,1387.5,252721.0
488,2021-07-16 13:52:02,1387.4,252681.0
489,2021-07-16 13:51:58,1387.5,252662.0
490,2021-07-16 13:51:53,1387.5,252544.0
491,2021-07-16 13:51:50,1387.7,252516.0
492,2021-07-16 13:51:46,1387.4,252489.0
493,2021-07-16 13:51:42,1387.4,252425.0
494,2021-07-16 13:51:38,1387.4,252394.0
495,2021-07-16 13:51:34,1387.7,252363.0
496,2021-07-16 13:51:30,1387.4,252314.0
497,2021-07-16 13:51:26,1387.7,252293.0
498,2021-07-16 13:51:22,1387.4,252236.0
499,2021-07-16 13:51:14,1387.4,252159.0
500,2021-07-16 13:51:10,1387.4,252137.0
501,2021-07-16 13:51:06,1387.7,252128.0
502,2021-07-16 13:51:03,1387.7,252123.0
503,2021-07-16 13:50:59,1387.0,252074.0
504,2021-07-16 13:50:55,1387.7,252046.0
505,2021-07-16 13:50:52,1387.1,252001.0
506,2021-07-16 13:50:48,1387.1,251995.0
507,2021-07-16 13:50:43,1387.0,251991.0
508,2021-07-16 13:50:40,1387.5,251954.0
509,2021-07-16 13:50:36,1387.0,251945.0
510,2021-07-16 13:50:32,1387.9,251916.0
511,2021-07-16 13:50:28,1386.7,251887.0
512,2021-07-16 13:50:24,1387.0,251799.0
513,2021-07-16 13:50:21,1388.3,251722.0
514,2021-07-16 13:50:17,1387.0,251700.0
515,2021-07-16 13:50:13,1387.0,251315.0
516,2021-07-16 13:50:09,1387.0,251308.0
517,2021-07-16 13:50:05,1386.6,251245.0
518,2021-07-16 13:50:00,1386.6,251155.0
519,2021-07-16 13:49:56,1387.0,251111.0
520,2021-07-16 13:49:53,1387.0,251087.0
521,2021-07-16 13:49:49,1387.0,251057.0
522,2021-07-16 13:49:45,1387.1,250777.0
523,2021-07-16 13:49:41,1387.1,250643.0
524,2021-07-16 13:49:37,1387.1,250616.0
525,2021-07-16 13:49:33,1387.2,250529.0
526,2021-07-16 13:49:29,1387.1,250488.0
527,2021-07-16 13:49:25,1387.4,250434.0
528,2021-07-16 13:49:21,1387.7,250358.0
529,2021-07-16 13:49:17,1388.1,250154.0
530,2021-07-16 13:49:13,1388.3,250152.0
531,2021-07-16 13:49:09,1388.1,250118.0
532,2021-07-16 13:49:02,1388.8,249972.0
533,2021-07-16 13:48:58,1388.3,249899.0
534,2021-07-16 13:48:55,1389.2,249831.0
535,2021-07-16 13:48:51,1388.3,249818.0
536,2021-07-16 13:48:47,1389.4,249686.0
537,2021-07-16 13:48:43,1389.4,249547.0
538,2021-07-16 13:48:40,1388.0,249461.0
539,2021-07-16 13:48:36,1389.4,249322.0
540,2021-07-16 13:48:33,1389.0,249161.0
541,2021-07-16 13:48:29,1388.5,249087.0
542,2021-07-16 13:48:25,1387.5,249024.0
543,2021-07-16 13:48:21,1387.5,248985.0
544,2021-07-16 13:48:18,1387.2,248908.0
545,2021-07-16 13:48:14,1387.0,248795.0
546,2021-07-16 13:48:10,1387.0,248778.0
547,2021-07-16 13:48:07,1387.0,248706.0
548,2021-07-16 13:48:02,1386.9,248589.0
549,2021-07-16 13:47:58,1387.0,248512.0
550,2021-07-16 13:47:55,1386.9,248432.0
551,2021-07-16 13:47:51,1386.2,248390.0
552,2021-07-16 13:47:47,1386.9,248324.0
553,2021-07-16 13:47:43,1385.2,248259.0
554,2021-07-16 13:47:39,1386.0,248135.0
555,2021-07-16 13:47:34,1387.5,247978.0
556,2021-07-16 13:47:30,1387.5,247568.0
557,2021-07-16 13:47:26,1387.4,247096.0
558,2021-07-16 13:47:21,1385.8,246848.0
559,2021-07-16 13:47:17,1386.0,246636.0
560,2021-07-16 13:47:10,1385.0,246520.0
561,2021-07-16 13:47:03,1384.8,246315.0
562,2021-07-16 13:46:59,1384.8,246162.0
563,2021-07-16 13:46:55,1384.7,246136.0
564,2021-07-16 13:46:51,1384.8,246084.0
565,2021-07-16 13:46:47,1384.7,245994.0
566,2021-07-16 13:46:40,1384.0,245690.0
567,2021-07-16 13:46:36,1383.9,245555.0
568,2021-07-16 13:46:32,1383.9,245509.0
569,2021-07-16 13:46:28,1383.9,245483.0
570,2021-07-16 13:46:24,1383.2,245462.0
571,2021-07-16 13:46:21,1383.1,245406.0
572,2021-07-16 13:46:14,1383.0,245340.0
573,2021-07-16 13:46:10,1383.1,245273.0
574,2021-07-16 13:46:07,1384.0,245169.0
575,2021-07-16 13:46:03,1384.0,245052.0
576,2021-07-16 13:46:00,1384.4,244827.0
577,2021-07-16 13:45:56,1384.4,244775.0
578,2021-07-16 13:45:52,1384.2,244645.0
579,2021-07-16 13:45:49,1384.4,244453.0
580,2021-07-16 13:45:45,1384.2,244376.0
581,2021-07-16 13:45:41,1384.6,244280.0
582,2021-07-16 13:45:37,1384.2,244086.0
583,2021-07-16 13:45:33,1384.7,243842.0
584,2021-07-16 13:45:29,1384.0,243713.0
585,2021-07-16 13:45:25,1383.5,243267.0
586,2021-07-16 13:45:22,1382.8,243151.0
587,2021-07-16 13:45:18,1382.8,243117.0
588,2021-07-16 13:45:14,1382.8,243032.0
589,2021-07-16 13:45:10,1382.9,242808.0
590,2021-07-16 13:45:02,1382.0,242628.0
591,2021-07-16 13:44:57,1383.5,242515.0
592,2021-07-16 13:44:49,1382.0,242181.0
593,2021-07-16 13:44:41,1381.5,241925.0
594,2021-07-16 13:44:38,1381.9,241523.0
595,2021-07-16 13:44:30,1381.5,241074.0
596,2021-07-16 13:44:26,1381.9,240930.0
597,2021-07-16 13:44:22,1382.9,240881.0
598,2021-07-16 13:44:14,1381.5,240196.0
599,2021-07-16 13:44:10,1381.0,240023.0
600,2021-07-16 13:44:05,1380.3,239699.0
601,2021-07-16 13:44:01,1380.2,239620.0
602,2021-07-16 13:43:58,1379.0,239472.0
603,2021-07-16 13:43:53,1379.0,239384.0
604,2021-07-16 13:43:49,1378.5,239330.0
605,2021-07-16 13:43:45,1379.2,239216.0
606,2021-07-16 13:43:41,1378.6,238972.0
607,2021-07-16 13:43:37,1378.5,238893.0
608,2021-07-16 13:43:33,1378.4,238867.0
609,2021-07-16 13:43:29,1378.5,238808.0
610,2021-07-16 13:43:25,1378.4,238734.0
611,2021-07-16 13:43:21,1378.5,238651.0
612,2021-07-16 13:43:16,1378.4,238609.0
613,2021-07-16 13:43:13,1378.9,238493.0
614,2021-07-16 13:43:09,1379.0,238105.0
615,2021-07-16 13:43:05,1378.2,237974.0
616,2021-07-16 13:43:02,1379.0,237578.0
617,2021-07-16 13:42:54,1377.6,237284.0
618,2021-07-16 13:42:50,1377.6,237119.0
619,2021-07-16 13:42:46,1377.2,236807.0
620,2021-07-16 13:42:39,1377.6,236572.0
621,2021-07-16 13:42:32,1378.0,236482.0
622,2021-07-16 13:42:29,1378.6,236400.0
623,2021-07-16 13:42:25,1379.4,236302.0
624,2021-07-16 13:42:21,1379.1,236242.0
625,2021-07-16 13:42:17,1379.9,236178.0
626,2021-07-16 13:42:14,1380.0,236099.0
627,2021-07-16 13:42:10,1380.0,235999.0
628,2021-07-16 13:42:06,1380.1,235865.0
629,2021-07-16 13:42:03,1380.4,235758.0
630,2021-07-16 13:41:59,1380.1,235640.0
631,2021-07-16 13:41:56,1380.4,235477.0
632,2021-07-16 13:41:52,1381.0,235424.0
633,2021-07-16 13:41:49,1380.3,235359.0
634,2021-07-16 13:41:45,1380.5,235160.0
635,2021-07-16 13:41:41,1380.3,235052.0
636,2021-07-16 13:41:37,1380.5,234979.0
637,2021-07-16 13:41:33,1380.0,234936.0
638,2021-07-16 13:41:30,1381.0,234853.0
639,2021-07-16 13:41:25,1380.0,234571.0
640,2021-07-16 13:41:22,1379.1,234443.0
641,2021-07-16 13:41:18,1379.0,234346.0
642,2021-07-16 13:41:15,1379.0,234196.0
643,2021-07-16 13:41:11,1379.0,233950.0
644,2021-07-16 13:41:07,1380.1,233801.0
645,2021-07-16 13:41:03,1380.5,233734.0
646,2021-07-16 13:40:59,1381.3,233675.0
647,2021-07-16 13:40:56,1381.0,233614.0
648,2021-07-16 13:40:52,1381.8,233562.0
649,2021-07-16 13:40:48,1381.7,233490.0
650,2021-07-16 13:40:41,1381.9,233315.0
651,2021-07-16 13:40:33,1381.0,233187.0
652,2021-07-16 13:40:29,1380.6,233054.0
653,2021-07-16 13:40:25,1380.1,233038.0
654,2021-07-16 13:40:19,1380.2,232767.0
655,2021-07-16 13:40:15,1380.0,232626.0
656,2021-07-16 13:40:08,1380.0,232556.0
657,2021-07-16 13:40:04,1381.9,232432.0
658,2021-07-16 13:40:00,1382.0,232374.0
659,2021-07-16 13:39:57,1382.0,232365.0
660,2021-07-16 13:39:54,1382.0,232315.0
661,2021-07-16 13:39:50,1382.7,232215.0
662,2021-07-16 13:39:47,1382.0,232184.0
663,2021-07-16 13:39:42,1382.2,232113.0
664,2021-07-16 13:39:39,1382.0,232044.0
665,2021-07-16 13:39:35,1381.6,231895.0
666,2021-07-16 13:39:31,1382.0,231883.0
667,2021-07-16 13:39:28,1381.9,231632.0
668,2021-07-16 13:39:24,1381.6,231616.0
669,2021-07-16 13:39:21,1381.9,231450.0
670,2021-07-16 13:39:14,1381.1,231371.0
671,2021-07-16 13:39:09,1381.0,231311.0
672,2021-07-16 13:39:05,1381.0,231280.0
673,2021-07-16 13:39:01,1380.5,231095.0
674,2021-07-16 13:38:58,1380.3,231045.0
675,2021-07-16 13:38:50,1380.3,230846.0
676,2021-07-16 13:38:46,1380.5,230820.0
677,2021-07-16 13:38:43,1380.3,230790.0
678,2021-07-16 13:38:39,1381.0,230747.0
679,2021-07-16 13:38:35,1381.1,230725.0
680,2021-07-16 13:38:28,1381.2,230630.0
681,2021-07-16 13:38:24,1381.0,230587.0
682,2021-07-16 13:38:20,1382.0,230407.0
683,2021-07-16 13:38:17,1381.0,230299.0
684,2021-07-16 13:38:09,1380.2,230247.0
685,2021-07-16 13:38:06,1380.2,230155.0
686,2021-07-16 13:38:03,1380.1,230032.0
687,2021-07-16 13:37:59,1380.2,229958.0
688,2021-07-16 13:37:56,1380.0,229892.0
689,2021-07-16 13:37:52,1380.3,229823.0
690,2021-07-16 13:37:48,1380.5,229768.0
691,2021-07-16 13:37:45,1380.6,229732.0
692,2021-07-16 13:37:41,1381.0,229706.0
693,2021-07-16 13:37:37,1381.2,229663.0
694,2021-07-16 13:37:34,1381.4,229647.0
695,2021-07-16 13:37:31,1381.0,229622.0
696,2021-07-16 13:37:27,1381.9,229606.0
697,2021-07-16 13:37:24,1382.0,229454.0
698,2021-07-16 13:37:20,1381.6,229382.0
699,2021-07-16 13:37:17,1382.0,229313.0
700,2021-07-16 13:37:13,1382.0,229254.0
701,2021-07-16 13:37:09,1382.7,229193.0
702,2021-07-16 13:37:05,1381.6,229061.0
703,2021-07-16 13:37:01,1381.2,229028.0
704,2021-07-16 13:36:54,1380.1,228761.0
705,2021-07-16 13:36:50,1379.3,228162.0
706,2021-07-16 13:36:44,1378.2,227590.0
707,2021-07-16 13:36:36,1378.1,227262.0
708,2021-07-16 13:36:29,1380.0,226976.0
709,2021-07-16 13:36:26,1380.1,226686.0
710,2021-07-16 13:36:22,1380.4,226398.0
711,2021-07-16 13:36:19,1380.8,226340.0
712,2021-07-16 13:36:16,1380.9,226248.0
713,2021-07-16 13:36:12,1381.4,226009.0
714,2021-07-16 13:36:09,1381.3,225878.0
715,2021-07-16 13:36:05,1381.1,225844.0
716,2021-07-16 13:36:01,1381.3,225692.0
717,2021-07-16 13:35:57,1382.0,225648.0
718,2021-07-16 13:35:54,1382.4,225364.0
719,2021-07-16 13:35:49,1382.2,225286.0
720,2021-07-16 13:35:46,1382.7,225231.0
721,2021-07-16 13:35:42,1382.4,225188.0
722,2021-07-16 13:35:39,1381.4,225146.0
723,2021-07-16 13:35:35,1382.0,225094.0
724,2021-07-16 13:35:32,1381.2,224998.0
725,2021-07-16 13:35:29,1381.4,224916.0
726,2021-07-16 13:35:25,1381.2,224756.0
727,2021-07-16 13:35:22,1382.6,224655.0
728,2021-07-16 13:35:18,1383.2,224583.0
729,2021-07-16 13:35:14,1383.4,224529.0
730,2021-07-16 13:35:11,1384.7,224448.0
731,2021-07-16 13:35:08,1385.0,224332.0
732,2021-07-16 13:35:04,1385.0,224306.0
733,2021-07-16 13:35:01,1385.0,224167.0
734,2021-07-16 13:34:57,1385.6,223838.0
735,2021-07-16 13:34:50,1383.7,223619.0
736,2021-07-16 13:34:44,1382.4,223447.0
737,2021-07-16 13:34:37,1381.0,223085.0
738,2021-07-16 13:34:30,1381.0,222912.0
739,2021-07-16 13:34:27,1380.7,222781.0
740,2021-07-16 13:34:23,1381.0,222422.0
741,2021-07-16 13:34:20,1382.0,222216.0
742,2021-07-16 13:34:17,1382.0,222142.0
743,2021-07-16 13:34:09,1382.4,221994.0
744,2021-07-16 13:34:06,1382.8,221949.0
745,2021-07-16 13:34:02,1383.0,221877.0
746,2021-07-16 13:33:59,1383.8,221848.0
747,2021-07-16 13:33:55,1383.7,221708.0
748,2021-07-16 13:33:52,1383.8,221672.0
749,2021-07-16 13:33:49,1383.5,221599.0
750,2021-07-16 13:33:45,1383.7,221560.0
751,2021-07-16 13:33:41,1383.3,221507.0
752,2021-07-16 13:33:37,1383.7,221423.0
753,2021-07-16 13:33:34,1383.8,221370.0
754,2021-07-16 13:33:30,1383.0,221294.0
755,2021-07-16 13:33:26,1382.0,221173.0
756,2021-07-16 13:33:22,1382.9,221042.0
757,2021-07-16 13:33:19,1382.0,220972.0
758,2021-07-16 13:33:15,1382.3,220899.0
759,2021-07-16 13:33:12,1382.0,220779.0
760,2021-07-16 13:33:05,1382.0,220626.0
761,2021-07-16 13:32:59,1382.2,220561.0
762,2021-07-16 13:32:55,1381.9,220438.0
763,2021-07-16 13:32:52,1382.2,220392.0
764,2021-07-16 13:32:48,1381.9,220114.0
765,2021-07-16 13:32:38,1382.9,219509.0
766,2021-07-16 13:32:24,1382.0,218947.0
767,2021-07-16 13:32:18,1382.0,218720.0
768,2021-07-16 13:32:14,1381.9,218540.0
769,2021-07-16 13:32:11,1383.8,217957.0
770,2021-07-16 13:32:08,1383.7,217926.0
771,2021-07-16 13:32:04,1384.0,217671.0
772,2021-07-16 13:32:01,1385.0,217336.0
773,2021-07-16 13:31:58,1386.0,217031.0
774,2021-07-16 13:31:54,1386.1,216887.0
775,2021-07-16 13:31:51,1386.2,216864.0
776,2021-07-16 13:31:48,1386.8,216795.0
777,2021-07-16 13:31:44,1386.8,216782.0
778,2021-07-16 13:31:41,1386.8,216760.0
779,2021-07-16 13:31:37,1386.8,216747.0
780,2021-07-16 13:31:34,1386.8,216692.0
781,2021-07-16 13:31:30,1386.8,216660.0
782,2021-07-16 13:31:27,1386.8,216597.0
783,2021-07-16 13:31:23,1386.7,216570.0
784,2021-07-16 13:31:20,1386.8,216533.0
785,2021-07-16 13:31:16,1387.0,216517.0
786,2021-07-16 13:31:12,1387.1,216467.0
787,2021-07-16 13:31:09,1387.4,216452.0
788,2021-07-16 13:31:06,1387.1,216441.0
789,2021-07-16 13:31:03,1387.1,216424.0
790,2021-07-16 13:30:59,1387.7,216369.0
791,2021-07-16 13:30:56,1387.7,216347.0
792,2021-07-16 13:30:53,1387.7,216323.0
793,2021-07-16 13:30:50,1387.7,216302.0
794,2021-07-16 13:30:46,1387.9,216224.0
795,2021-07-16 13:30:38,1387.3,215988.0
796,2021-07-16 13:30:35,1387.9,215929.0
797,2021-07-16 13:30:28,1388.4,215872.0
798,2021-07-16 13:30:24,1388.0,215833.0
799,2021-07-16 13:30:21,1388.2,215801.0
800,2021-07-16 13:30:18,1388.2,215787.0
801,2021-07-16 13:30:14,1388.0,215773.0
802,2021-07-16 13:30:11,1388.2,215629.0
803,2021-07-16 13:30:07,1387.5,215531.0
804,2021-07-16 13:30:04,1387.4,215490.0
805,2021-07-16 13:30:01,1387.4,215484.0
806,2021-07-16 13:29:58,1387.1,215481.0
807,2021-07-16 13:29:55,1386.7,215446.0
808,2021-07-16 13:29:51,1387.0,215393.0
809,2021-07-16 13:29:48,1387.0,215381.0
810,2021-07-16 13:29:45,1387.0,215374.0
811,2021-07-16 13:29:42,1387.1,215344.0
812,2021-07-16 13:29:38,1386.7,215338.0
813,2021-07-16 13:29:35,1387.0,215313.0
814,2021-07-16 13:29:32,1387.7,215300.0
815,2021-07-16 13:29:29,1387.7,215286.0
816,2021-07-16 13:29:25,1387.7,215281.0
817,2021-07-16 13:29:21,1387.7,215267.0
818,2021-07-16 13:29:18,1387.7,215213.0
819,2021-07-16 13:29:14,1387.9,215205.0
820,2021-07-16 13:29:11,1387.7,215142.0
821,2021-07-16 13:29:08,1388.0,215070.0
822,2021-07-16 13:29:04,1387.7,215053.0
823,2021-07-16 13:29:01,1387.7,215045.0
824,2021-07-16 13:28:55,1386.5,214971.0
825,2021-07-16 13:28:52,1386.1,214922.0
826,2021-07-16 13:28:48,1386.0,214865.0
827,2021-07-16 13:28:45,1386.0,214842.0
828,2021-07-16 13:28:38,1386.0,214777.0
829,2021-07-16 13:28:35,1386.2,214704.0
830,2021-07-16 13:28:32,1386.2,214667.0
831,2021-07-16 13:28:29,1386.0,214634.0
832,2021-07-16 13:28:25,1386.2,214513.0
833,2021-07-16 13:28:18,1386.9,214388.0
834,2021-07-16 13:28:15,1387.2,214355.0
835,2021-07-16 13:28:08,1387.7,214299.0
836,2021-07-16 13:28:05,1387.9,214290.0
837,2021-07-16 13:28:02,1387.9,214250.0
838,2021-07-16 13:27:58,1387.7,214218.0
839,2021-07-16 13:27:55,1388.0,214214.0
840,2021-07-16 13:27:51,1388.3,214199.0
841,2021-07-16 13:27:48,1388.3,214193.0
842,2021-07-16 13:27:45,1388.0,214178.0
843,2021-07-16 13:27:42,1388.5,214168.0
844,2021-07-16 13:27:38,1388.3,214116.0
845,2021-07-16 13:27:35,1388.5,214098.0
846,2021-07-16 13:27:31,1388.4,214079.0
847,2021-07-16 13:27:28,1388.4,214050.0
848,2021-07-16 13:27:25,1387.9,214013.0
849,2021-07-16 13:27:18,1387.7,213960.0
850,2021-07-16 13:27:12,1387.2,213893.0
851,2021-07-16 13:27:09,1387.0,213822.0
852,2021-07-16 13:27:03,1387.7,213665.0
853,2021-07-16 13:27:00,1387.2,213631.0
854,2021-07-16 13:26:57,1388.5,213525.0
855,2021-07-16 13:26:54,1388.1,213469.0
856,2021-07-16 13:26:47,1388.2,213387.0
857,2021-07-16 13:26:44,1388.5,213323.0
858,2021-07-16 13:26:41,1388.6,213260.0
859,2021-07-16 13:26:37,1388.5,213252.0
860,2021-07-16 13:26:34,1388.1,213184.0
861,2021-07-16 13:26:31,1388.3,213163.0
862,2021-07-16 13:26:24,1388.1,213089.0
863,2021-07-16 13:26:20,1388.0,213061.0
864,2021-07-16 13:26:17,1387.3,213009.0
865,2021-07-16 13:26:11,1387.4,212980.0
866,2021-07-16 13:26:07,1387.4,212968.0
867,2021-07-16 13:26:04,1387.3,212937.0
868,2021-07-16 13:26:01,1387.4,212912.0
869,2021-07-16 13:25:57,1387.4,212877.0
870,2021-07-16 13:25:54,1387.4,212824.0
871,2021-07-16 13:25:51,1387.1,212765.0
872,2021-07-16 13:25:47,1387.2,212750.0
873,2021-07-16 13:25:44,1387.1,212743.0
874,2021-07-16 13:25:41,1386.6,212717.0
875,2021-07-16 13:25:38,1386.9,212704.0
876,2021-07-16 13:25:34,1386.9,212634.0
877,2021-07-16 13:25:31,1386.9,212541.0
878,2021-07-16 13:25:27,1386.8,212391.0
879,2021-07-16 13:25:23,1386.9,212309.0
880,2021-07-16 13:25:19,1386.4,212202.0
881,2021-07-16 13:25:15,1386.1,212093.0
882,2021-07-16 13:25:12,1386.5,211934.0
883,2021-07-16 13:25:09,1386.1,211866.0
884,2021-07-16 13:25:05,1386.5,211739.0
885,2021-07-16 13:25:02,1387.0,211668.0
886,2021-07-16 13:24:58,1387.2,211508.0
887,2021-07-16 13:24:55,1387.1,211474.0
888,2021-07-16 13:24:48,1387.5,211432.0
889,2021-07-16 13:24:45,1387.7,211426.0
890,2021-07-16 13:24:42,1387.5,211385.0
891,2021-07-16 13:24:35,1388.1,211305.0
892,2021-07-16 13:24:32,1388.4,211289.0
893,2021-07-16 13:24:28,1388.1,211272.0
894,2021-07-16 13:24:25,1388.3,211241.0
895,2021-07-16 13:24:22,1388.1,211233.0
896,2021-07-16 13:24:18,1388.3,211218.0
897,2021-07-16 13:24:15,1388.1,211200.0
898,2021-07-16 13:24:12,1388.1,211160.0
899,2021-07-16 13:24:09,1388.1,211128.0
900,2021-07-16 13:24:05,1388.0,211101.0
901,2021-07-16 13:24:02,1388.1,211100.0
902,2021-07-16 13:23:59,1388.4,211089.0
903,2021-07-16 13:23:56,1388.1,211059.0
904,2021-07-16 13:23:53,1388.2,210999.0
905,2021-07-16 13:23:49,1388.1,210978.0
906,2021-07-16 13:23:46,1387.5,210955.0
907,2021-07-16 13:23:43,1388.1,210918.0
908,2021-07-16 13:23:40,1387.1,210884.0
909,2021-07-16 13:23:37,1388.4,210744.0
910,2021-07-16 13:23:33,1387.1,210654.0
911,2021-07-16 13:23:29,1387.4,210572.0
912,2021-07-16 13:23:26,1387.2,210507.0
913,2021-07-16 13:23:19,1388.7,210340.0
914,2021-07-16 13:23:15,1389.3,210303.0
915,2021-07-16 13:23:12,1389.7,210288.0
916,2021-07-16 13:23:06,1389.9,210261.0
917,2021-07-16 13:23:03,1389.8,210239.0
918,2021-07-16 13:23:00,1390.1,210215.0
919,2021-07-16 13:22:57,1390.0,210186.0
920,2021-07-16 13:22:53,1390.5,210165.0
921,2021-07-16 13:22:47,1390.2,210105.0
922,2021-07-16 13:22:44,1390.0,210083.0
923,2021-07-16 13:22:41,1390.0,210065.0
924,2021-07-16 13:22:35,1389.7,209883.0
925,2021-07-16 13:22:31,1389.5,209838.0
926,2021-07-16 13:22:28,1389.7,209582.0
927,2021-07-16 13:22:25,1390.0,209506.0
928,2021-07-16 13:22:19,1389.7,209401.0
929,2021-07-16 13:22:13,1390.0,209305.0
930,2021-07-16 13:22:10,1389.9,209193.0
931,2021-07-16 13:22:07,1389.7,209165.0
932,2021-07-16 13:22:04,1389.1,209099.0
933,2021-07-16 13:22:00,1389.3,209027.0
934,2021-07-16 13:21:57,1389.0,208945.0
935,2021-07-16 13:21:54,1388.4,208836.0
936,2021-07-16 13:21:50,1388.1,208807.0
937,2021-07-16 13:21:47,1388.0,208787.0
938,2021-07-16 13:21:44,1387.9,208726.0
939,2021-07-16 13:21:40,1389.0,208591.0
940,2021-07-16 13:21:37,1388.3,208573.0
941,2021-07-16 13:21:34,1388.6,208524.0
942,2021-07-16 13:21:31,1388.6,208499.0
943,2021-07-16 13:21:28,1389.0,208481.0
944,2021-07-16 13:21:24,1388.6,208472.0
945,2021-07-16 13:21:21,1389.0,208456.0
946,2021-07-16 13:21:18,1388.6,208455.0
947,2021-07-16 13:21:14,1388.6,208428.0
948,2021-07-16 13:21:07,1389.0,208369.0
949,2021-07-16 13:21:04,1388.5,208264.0
950,2021-07-16 13:21:01,1388.6,208150.0
951,2021-07-16 13:20:54,1388.6,208136.0
952,2021-07-16 13:20:50,1388.6,208108.0
953,2021-07-16 13:20:47,1388.5,208065.0
954,2021-07-16 13:20:41,1388.1,207944.0
955,2021-07-16 13:20:38,1388.0,207840.0
956,2021-07-16 13:20:35,1387.9,207821.0
957,2021-07-16 13:20:32,1387.9,207796.0
958,2021-07-16 13:20:29,1387.7,207750.0
959,2021-07-16 13:20:22,1388.0,207534.0
960,2021-07-16 13:20:18,1388.1,207429.0
961,2021-07-16 13:20:15,1387.9,207388.0
962,2021-07-16 13:20:09,1388.0,207267.0
963,2021-07-16 13:20:06,1387.9,207218.0
964,2021-07-16 13:20:02,1388.0,207187.0
965,2021-07-16 13:19:59,1388.1,206992.0
966,2021-07-16 13:19:56,1388.0,206973.0
967,2021-07-16 13:19:53,1388.4,206807.0
968,2021-07-16 13:19:50,1388.3,206674.0
969,2021-07-16 13:19:47,1388.0,206603.0
970,2021-07-16 13:19:43,1388.4,206434.0
971,2021-07-16 13:19:41,1388.4,206410.0
972,2021-07-16 13:19:37,1388.8,206313.0
973,2021-07-16 13:19:34,1389.0,206199.0
974,2021-07-16 13:19:30,1389.0,206166.0
975,2021-07-16 13:19:27,1389.3,206112.0
976,2021-07-16 13:19:23,1389.3,206085.0
977,2021-07-16 13:19:20,1389.3,206074.0
978,2021-07-16 13:19:17,1389.8,206053.0
979,2021-07-16 13:19:13,1389.6,205887.0
980,2021-07-16 13:19:09,1389.8,205871.0
981,2021-07-16 13:19:06,1389.6,205846.0
982,2021-07-16 13:19:03,1389.2,205795.0
983,2021-07-16 13:19:00,1389.1,205760.0
984,2021-07-16 13:18:56,1388.7,205637.0
985,2021-07-16 13:18:53,1388.7,205543.0
986,2021-07-16 13:18:47,1388.8,205474.0
987,2021-07-16 13:18:44,1388.3,205376.0
988,2021-07-16 13:18:38,1388.4,205233.0
989,2021-07-16 13:18:35,1388.8,205153.0
990,2021-07-16 13:18:29,1388.3,205080.0
991,2021-07-16 13:18:26,1388.8,204904.0
992,2021-07-16 13:18:23,1388.6,204903.0
993,2021-07-16 13:18:19,1389.0,204836.0
994,2021-07-16 13:18:16,1388.5,204797.0
995,2021-07-16 13:18:13,1389.2,204758.0
996,2021-07-16 13:18:10,1389.0,204723.0
997,2021-07-16 13:18:07,1389.0,204634.0
998,2021-07-16 13:18:03,1389.0,204548.0
999,2021-07-16 13:18:00,1389.2,204508.0
1000,2021-07-16 13:17:57,1389.8,204462.0
1001,2021-07-16 13:17:54,1389.2,204414.0
1002,2021-07-16 13:17:50,1389.8,204387.0
1003,2021-07-16 13:17:47,1389.2,204332.0
1004,2021-07-16 13:17:43,1389.9,204323.0
1005,2021-07-16 13:17:40,1389.3,204307.0
1006,2021-07-16 13:17:37,1389.1,204268.0
1007,2021-07-16 13:17:34,1389.3,204240.0
1008,2021-07-16 13:17:30,1389.1,204199.0
1009,2021-07-16 13:17:27,1389.3,204155.0
1010,2021-07-16 13:17:24,1389.2,204068.0
1011,2021-07-16 13:17:20,1389.3,204035.0
1012,2021-07-16 13:17:17,1389.0,204013.0
1013,2021-07-16 13:17:13,1389.3,203821.0
1014,2021-07-16 13:17:10,1389.2,203785.0
1015,2021-07-16 13:17:06,1389.5,203745.0
1016,2021-07-16 13:17:03,1389.3,203685.0
1017,2021-07-16 13:17:00,1389.0,203570.0
1018,2021-07-16 13:16:53,1389.5,203427.0
1019,2021-07-16 13:16:50,1389.5,203323.0
1020,2021-07-16 13:16:43,1390.0,203241.0
1021,2021-07-16 13:16:40,1390.0,203147.0
1022,2021-07-16 13:16:34,1390.0,203050.0
1023,2021-07-16 13:16:31,1390.5,203029.0
1024,2021-07-16 13:16:28,1390.5,202970.0
1025,2021-07-16 13:16:24,1390.5,202892.0
1026,2021-07-16 13:16:18,1390.5,202832.0
1027,2021-07-16 13:16:14,1390.7,202765.0
1028,2021-07-16 13:16:08,1390.0,202693.0
1029,2021-07-16 13:16:05,1390.4,202625.0
1030,2021-07-16 13:16:01,1390.4,202555.0
1031,2021-07-16 13:15:58,1390.4,202539.0
1032,2021-07-16 13:15:55,1390.4,202511.0
1033,2021-07-16 13:15:52,1390.4,202479.0
1034,2021-07-16 13:15:49,1390.1,202456.0
1035,2021-07-16 13:15:45,1390.0,202361.0
1036,2021-07-16 13:15:43,1389.9,202267.0
1037,2021-07-16 13:15:39,1389.8,202205.0
1038,2021-07-16 13:15:36,1389.4,202172.0
1039,2021-07-16 13:15:33,1389.8,202101.0
1040,2021-07-16 13:15:29,1389.0,202090.0
1041,2021-07-16 13:15:25,1389.6,202044.0
1042,2021-07-16 13:15:22,1390.0,202025.0
1043,2021-07-16 13:15:19,1389.8,202015.0
1044,2021-07-16 13:15:15,1390.0,201982.0
1045,2021-07-16 13:15:12,1390.0,201820.0
1046,2021-07-16 13:15:07,1390.0,201717.0
1047,2021-07-16 13:15:03,1390.0,201673.0
1048,2021-07-16 13:14:59,1390.0,201641.0
1049,2021-07-16 13:14:53,1390.3,201587.0
1050,2021-07-16 13:14:50,1390.0,201548.0
1051,2021-07-16 13:14:47,1389.5,201481.0
1052,2021-07-16 13:14:44,1389.5,201449.0
1053,2021-07-16 13:14:37,1390.7,201156.0
1054,2021-07-16 13:14:34,1391.1,201048.0
1055,2021-07-16 13:14:30,1391.7,200994.0
1056,2021-07-16 13:14:27,1391.1,200907.0
1057,2021-07-16 13:14:21,1390.5,200611.0
1058,2021-07-16 13:14:15,1391.8,200517.0
1059,2021-07-16 13:14:09,1391.2,200417.0
1060,2021-07-16 13:14:06,1390.4,200281.0
1061,2021-07-16 13:14:02,1391.2,200228.0
1062,2021-07-16 13:13:59,1390.0,200104.0
1063,2021-07-16 13:13:55,1389.5,199889.0
1064,2021-07-16 13:13:52,1390.0,199819.0
1065,2021-07-16 13:13:49,1389.0,199455.0
1066,2021-07-16 13:13:46,1388.3,199432.0
1067,2021-07-16 13:13:42,1388.3,199396.0
1068,2021-07-16 13:13:38,1387.9,199323.0
1069,2021-07-16 13:13:34,1387.6,199289.0
1070,2021-07-16 13:13:31,1387.4,199278.0
1071,2021-07-16 13:13:28,1387.1,199260.0
1072,2021-07-16 13:13:25,1387.1,199192.0
1073,2021-07-16 13:13:21,1387.5,199149.0
1074,2021-07-16 13:13:18,1387.3,199124.0
1075,2021-07-16 13:13:15,1387.0,199046.0
1076,2021-07-16 13:13:12,1387.3,198986.0
1077,2021-07-16 13:13:09,1387.1,198941.0
1078,2021-07-16 13:13:06,1387.1,198931.0
1079,2021-07-16 13:13:03,1387.5,198873.0
1080,2021-07-16 13:13:00,1387.5,198766.0
1081,2021-07-16 13:12:57,1387.5,198744.0
1082,2021-07-16 13:12:50,1387.5,198629.0
1083,2021-07-16 13:12:46,1387.5,198592.0
1084,2021-07-16 13:12:43,1387.1,198573.0
1085,2021-07-16 13:12:40,1387.0,198491.0
1086,2021-07-16 13:12:34,1386.9,198442.0
1087,2021-07-16 13:12:30,1386.5,198430.0
1088,2021-07-16 13:12:27,1386.8,198322.0
1089,2021-07-16 13:12:22,1386.3,198285.0
1090,2021-07-16 13:12:18,1386.8,198262.0
1091,2021-07-16 13:12:15,1386.6,198243.0
1092,2021-07-16 13:12:12,1386.5,198208.0
1093,2021-07-16 13:12:08,1386.9,198152.0
1094,2021-07-16 13:12:05,1386.5,198123.0
1095,2021-07-16 13:12:02,1386.9,197933.0
1096,2021-07-16 13:11:59,1387.3,197912.0
1097,2021-07-16 13:11:55,1387.0,197850.0
1098,2021-07-16 13:11:51,1387.3,197746.0
1099,2021-07-16 13:11:48,1386.9,197693.0
1100,2021-07-16 13:11:44,1387.3,197640.0
1101,2021-07-16 13:11:41,1387.0,197638.0
1102,2021-07-16 13:11:38,1387.0,197623.0
1103,2021-07-16 13:11:35,1386.9,197413.0
1104,2021-07-16 13:11:32,1386.9,197395.0
1105,2021-07-16 13:11:29,1386.5,197389.0
1106,2021-07-16 13:11:26,1386.5,197340.0
1107,2021-07-16 13:11:23,1386.5,197296.0
1108,2021-07-16 13:11:20,1386.9,197222.0
1109,2021-07-16 13:11:17,1386.8,197204.0
1110,2021-07-16 13:11:14,1386.9,197118.0
1111,2021-07-16 13:11:08,1386.7,197082.0
1112,2021-07-16 13:11:05,1386.7,197072.0
1113,2021-07-16 13:11:01,1386.0,197042.0
1114,2021-07-16 13:10:58,1386.0,196999.0
1115,2021-07-16 13:10:55,1386.0,196960.0
1116,2021-07-16 13:10:48,1386.9,196678.0
1117,2021-07-16 13:10:45,1386.5,196646.0
1118,2021-07-16 13:10:42,1387.0,196609.0
1119,2021-07-16 13:10:38,1387.0,196585.0
1120,2021-07-16 13:10:31,1387.0,196504.0
1121,2021-07-16 13:10:28,1387.5,196455.0
1122,2021-07-16 13:10:26,1387.5,196388.0
1123,2021-07-16 13:10:23,1387.5,196302.0
1124,2021-07-16 13:10:17,1387.6,196236.0
1125,2021-07-16 13:10:14,1387.6,196141.0
1126,2021-07-16 13:10:08,1388.0,196108.0
1127,2021-07-16 13:10:05,1387.6,196059.0
1128,2021-07-16 13:10:02,1388.0,196010.0
1129,2021-07-16 13:09:58,1387.9,195922.0
1130,2021-07-16 13:09:55,1387.6,195843.0
1131,2021-07-16 13:09:52,1387.9,195828.0
1132,2021-07-16 13:09:49,1387.5,195790.0
1133,2021-07-16 13:09:46,1387.0,195686.0
1134,2021-07-16 13:09:43,1386.8,195647.0
1135,2021-07-16 13:09:40,1386.5,195612.0
1136,2021-07-16 13:09:37,1386.2,195590.0
1137,2021-07-16 13:09:34,1386.9,195568.0
1138,2021-07-16 13:09:31,1386.3,195503.0
1139,2021-07-16 13:09:28,1386.9,195490.0
1140,2021-07-16 13:09:25,1386.2,195446.0
1141,2021-07-16 13:09:19,1386.2,195340.0
1142,2021-07-16 13:09:16,1387.1,195324.0
1143,2021-07-16 13:09:10,1387.1,195235.0
1144,2021-07-16 13:09:07,1387.1,195149.0
1145,2021-07-16 13:09:03,1388.0,195145.0
1146,2021-07-16 13:09:00,1388.0,195005.0
1147,2021-07-16 13:08:56,1388.0,194860.0
1148,2021-07-16 13:08:50,1388.5,194713.0
1149,2021-07-16 13:08:48,1388.3,194630.0
1150,2021-07-16 13:08:41,1388.5,194550.0
1151,2021-07-16 13:08:37,1388.5,194441.0
1152,2021-07-16 13:08:34,1388.4,194408.0
1153,2021-07-16 13:08:31,1388.5,194340.0
1154,2021-07-16 13:08:29,1388.2,194322.0
1155,2021-07-16 13:08:22,1388.2,194227.0
1156,2021-07-16 13:08:19,1388.0,194172.0
1157,2021-07-16 13:08:16,1388.1,194056.0
1158,2021-07-16 13:08:10,1388.0,193962.0
1159,2021-07-16 13:08:07,1389.0,193941.0
1160,2021-07-16 13:08:04,1387.3,193547.0
1161,2021-07-16 13:08:01,1388.0,193487.0
1162,2021-07-16 13:07:58,1388.0,193460.0
1163,2021-07-16 13:07:55,1388.0,193413.0
1164,2021-07-16 13:07:52,1388.3,193384.0
1165,2021-07-16 13:07:49,1388.0,193318.0
1166,2021-07-16 13:07:46,1387.3,193302.0
1167,2021-07-16 13:07:44,1387.1,193252.0
1168,2021-07-16 13:07:41,1388.3,193194.0
1169,2021-07-16 13:07:38,1387.1,193130.0
1170,2021-07-16 13:07:35,1388.3,193056.0
1171,2021-07-16 13:07:32,1388.7,192953.0
1172,2021-07-16 13:07:29,1388.6,192943.0
1173,2021-07-16 13:07:26,1388.9,192847.0
1174,2021-07-16 13:07:23,1388.3,192764.0
1175,2021-07-16 13:07:21,1387.7,192624.0
1176,2021-07-16 13:07:18,1387.5,192565.0
1177,2021-07-16 13:07:15,1387.9,192481.0
1178,2021-07-16 13:07:11,1387.5,192378.0
1179,2021-07-16 13:07:08,1387.5,192318.0
1180,2021-07-16 13:07:06,1387.5,192275.0
1181,2021-07-16 13:07:03,1387.5,192120.0
1182,2021-07-16 13:06:57,1387.5,192052.0
1183,2021-07-16 13:06:54,1387.9,191802.0
1184,2021-07-16 13:06:47,1387.5,191733.0
1185,2021-07-16 13:06:44,1388.0,191702.0
1186,2021-07-16 13:06:41,1388.4,191688.0
1187,2021-07-16 13:06:38,1387.3,191596.0
1188,2021-07-16 13:06:32,1388.6,191431.0
1189,2021-07-16 13:06:26,1388.5,191241.0
1190,2021-07-16 13:06:23,1388.9,191082.0
1191,2021-07-16 13:06:16,1388.9,190996.0
1192,2021-07-16 13:06:13,1388.9,190915.0
1193,2021-07-16 13:06:10,1388.4,190831.0
1194,2021-07-16 13:06:07,1389.5,190738.0
1195,2021-07-16 13:06:04,1389.6,190513.0
1196,2021-07-16 13:06:01,1388.8,190286.0
1197,2021-07-16 13:05:58,1388.4,190152.0
1198,2021-07-16 13:05:55,1388.0,190106.0
1199,2021-07-16 13:05:52,1387.7,189950.0
1200,2021-07-16 13:05:50,1387.5,189772.0
1201,2021-07-16 13:05:47,1387.4,189722.0
1202,2021-07-16 13:05:44,1386.6,189610.0
1203,2021-07-16 13:05:41,1386.6,189577.0
1204,2021-07-16 13:05:38,1386.4,189420.0
1205,2021-07-16 13:05:35,1386.9,189390.0
1206,2021-07-16 13:05:32,1386.4,189257.0
1207,2021-07-16 13:05:29,1386.1,189184.0
1208,2021-07-16 13:05:26,1386.0,189159.0
1209,2021-07-16 13:05:24,1387.6,188952.0
1210,2021-07-16 13:05:21,1386.0,188896.0
1211,2021-07-16 13:05:18,1387.6,188420.0
1212,2021-07-16 13:05:14,1387.6,188257.0
1213,2021-07-16 13:05:11,1388.0,188085.0
1214,2021-07-16 13:05:08,1387.6,187967.0
1215,2021-07-16 13:05:05,1386.1,187819.0
1216,2021-07-16 13:05:02,1385.7,187529.0
1217,2021-07-16 13:04:56,1385.4,187408.0
1218,2021-07-16 13:04:53,1385.0,187332.0
1219,2021-07-16 13:04:47,1384.6,187099.0
1220,2021-07-16 13:04:42,1384.2,186929.0
1221,2021-07-16 13:04:33,1383.4,186798.0
1222,2021-07-16 13:04:30,1383.7,186662.0
1223,2021-07-16 13:04:27,1383.4,186515.0
1224,2021-07-16 13:04:24,1384.0,186419.0
1225,2021-07-16 13:04:15,1383.7,186217.0
1226,2021-07-16 13:04:09,1384.2,186105.0
1227,2021-07-16 13:04:06,1384.8,186036.0
1228,2021-07-16 13:04:03,1385.4,185801.0
1229,2021-07-16 13:04:00,1385.5,185707.0
1230,2021-07-16 13:03:57,1385.5,185596.0
1231,2021-07-16 13:03:53,1385.5,185551.0
1232,2021-07-16 13:03:50,1385.6,185514.0
1233,2021-07-16 13:03:47,1386.0,185479.0
1234,2021-07-16 13:03:44,1385.6,185421.0
1235,2021-07-16 13:03:41,1385.3,185392.0
1236,2021-07-16 13:03:38,1386.0,185324.0
1237,2021-07-16 13:03:35,1385.9,185115.0
1238,2021-07-16 13:03:32,1386.0,185105.0
1239,2021-07-16 13:03:28,1385.6,185003.0
1240,2021-07-16 13:03:25,1385.0,184933.0
1241,2021-07-16 13:03:19,1385.2,184767.0
1242,2021-07-16 13:03:13,1385.0,184682.0
1243,2021-07-16 13:03:10,1385.0,184602.0
1244,2021-07-16 13:03:05,1384.5,184551.0
1245,2021-07-16 13:03:02,1384.6,184546.0
1246,2021-07-16 13:02:59,1385.3,184467.0
1247,2021-07-16 13:02:56,1385.2,184136.0
1248,2021-07-16 13:02:54,1385.3,184064.0
1249,2021-07-16 13:02:47,1386.0,184021.0
1250,2021-07-16 13:02:41,1387.5,183890.0
1251,2021-07-16 13:02:39,1387.0,183876.0
1252,2021-07-16 13:02:36,1387.5,183744.0
1253,2021-07-16 13:02:29,1387.5,183374.0
1254,2021-07-16 13:02:24,1386.7,183226.0
1255,2021-07-16 13:02:18,1386.9,183135.0
1256,2021-07-16 13:02:15,1386.7,183059.0
1257,2021-07-16 13:02:09,1387.0,183018.0
1258,2021-07-16 13:02:06,1386.5,182966.0
1259,2021-07-16 13:02:03,1386.8,182946.0
1260,2021-07-16 13:01:59,1386.5,182879.0
1261,2021-07-16 13:01:56,1386.1,182809.0
1262,2021-07-16 13:01:53,1386.1,182761.0
1263,2021-07-16 13:01:50,1386.2,182617.0
1264,2021-07-16 13:01:47,1387.0,182608.0
1265,2021-07-16 13:01:44,1386.0,182379.0
1266,2021-07-16 13:01:41,1385.0,182262.0
1267,2021-07-16 13:01:38,1385.1,182133.0
1268,2021-07-16 13:01:35,1384.4,181873.0
1269,2021-07-16 13:01:33,1384.5,181820.0
1270,2021-07-16 13:01:30,1384.5,181739.0
1271,2021-07-16 13:01:27,1384.2,181642.0
1272,2021-07-16 13:01:24,1385.0,181372.0
1273,2021-07-16 13:01:21,1384.2,181261.0
1274,2021-07-16 13:01:18,1385.0,181143.0
1275,2021-07-16 13:01:15,1385.5,180955.0
1276,2021-07-16 13:01:13,1386.1,180862.0
1277,2021-07-16 13:01:10,1386.5,180830.0
1278,2021-07-16 13:01:07,1387.0,180705.0
1279,2021-07-16 13:01:04,1387.1,180581.0
1280,2021-07-16 13:00:58,1388.7,180364.0
1281,2021-07-16 13:00:55,1388.8,180255.0
1282,2021-07-16 13:00:52,1389.4,180194.0
1283,2021-07-16 13:00:49,1389.1,180088.0
1284,2021-07-16 13:00:47,1389.8,179924.0
1285,2021-07-16 13:00:44,1389.5,179838.0
1286,2021-07-16 13:00:41,1389.5,179820.0
1287,2021-07-16 13:00:38,1388.0,179745.0
1288,2021-07-16 13:00:35,1387.5,179627.0
1289,2021-07-16 13:00:32,1387.0,179558.0
1290,2021-07-16 13:00:29,1386.5,179502.0
1291,2021-07-16 13:00:26,1386.5,179465.0
1292,2021-07-16 13:00:23,1386.5,179437.0
1293,2021-07-16 13:00:21,1386.5,179365.0
1294,2021-07-16 13:00:18,1386.3,179300.0
1295,2021-07-16 13:00:15,1386.3,179242.0
1296,2021-07-16 13:00:12,1386.4,179149.0
1297,2021-07-16 13:00:09,1388.0,179119.0
1298,2021-07-16 13:00:07,1388.9,179054.0
1299,2021-07-16 13:00:04,1388.9,179026.0
1300,2021-07-16 11:30:03,1390.0,178097.0
1301,2021-07-16 11:29:59,1390.1,178090.0
1302,2021-07-16 11:29:57,1390.0,177944.0
1303,2021-07-16 11:29:54,1389.1,177828.0
1304,2021-07-16 11:29:51,1389.0,177743.0
1305,2021-07-16 11:29:48,1389.1,177602.0
1306,2021-07-16 11:29:45,1388.3,177528.0
1307,2021-07-16 11:29:39,1389.1,177180.0
1308,2021-07-16 11:29:36,1390.1,177092.0
1309,2021-07-16 11:29:33,1390.1,176882.0
1310,2021-07-16 11:29:28,1390.4,176596.0
1311,2021-07-16 11:29:22,1391.9,176325.0
1312,2021-07-16 11:29:17,1392.0,176190.0
1313,2021-07-16 11:29:08,1392.7,176053.0
1314,2021-07-16 11:29:06,1392.8,175993.0
1315,2021-07-16 11:29:00,1392.7,175962.0
1316,2021-07-16 11:28:58,1393.4,175927.0
1317,2021-07-16 11:28:52,1393.5,175899.0
1318,2021-07-16 11:28:50,1393.8,175839.0
1319,2021-07-16 11:28:44,1393.6,175749.0
1320,2021-07-16 11:28:41,1394.2,175746.0
1321,2021-07-16 11:28:38,1393.6,175633.0
1322,2021-07-16 11:28:35,1393.9,175527.0
1323,2021-07-16 11:28:32,1393.6,175507.0
1324,2021-07-16 11:28:29,1393.7,175472.0
1325,2021-07-16 11:28:24,1394.2,175369.0
1326,2021-07-16 11:28:21,1394.0,175359.0
1327,2021-07-16 11:28:18,1394.5,175357.0
1328,2021-07-16 11:28:15,1394.8,175329.0
1329,2021-07-16 11:28:12,1395.0,175280.0
1330,2021-07-16 11:28:09,1395.1,175186.0
1331,2021-07-16 11:28:06,1395.0,175154.0
1332,2021-07-16 11:28:03,1394.6,175075.0
1333,2021-07-16 11:28:00,1395.0,175031.0
1334,2021-07-16 11:27:58,1394.4,175013.0
1335,2021-07-16 11:27:55,1394.6,174989.0
1336,2021-07-16 11:27:52,1393.7,174867.0
1337,2021-07-16 11:27:49,1393.7,174782.0
1338,2021-07-16 11:27:44,1393.5,174735.0
1339,2021-07-16 11:27:38,1394.0,174679.0
1340,2021-07-16 11:27:36,1394.0,174650.0
1341,2021-07-16 11:27:30,1394.4,174626.0
1342,2021-07-16 11:27:27,1394.6,174584.0
1343,2021-07-16 11:27:24,1395.4,174501.0
1344,2021-07-16 11:27:18,1395.0,174398.0
1345,2021-07-16 11:27:13,1395.4,174259.0
1346,2021-07-16 11:27:10,1395.2,174153.0
1347,2021-07-16 11:27:05,1395.9,173959.0
1348,2021-07-16 11:27:00,1395.1,173902.0
1349,2021-07-16 11:26:57,1396.0,173834.0
1350,2021-07-16 11:26:52,1395.0,173805.0
1351,2021-07-16 11:26:49,1395.0,173743.0
1352,2021-07-16 11:26:47,1395.0,173726.0
1353,2021-07-16 11:26:41,1394.2,173448.0
1354,2021-07-16 11:26:38,1394.2,173427.0
1355,2021-07-16 11:26:36,1394.5,173417.0
1356,2021-07-16 11:26:33,1393.5,173303.0
1357,2021-07-16 11:26:27,1393.4,173145.0
1358,2021-07-16 11:26:22,1393.5,173091.0
1359,2021-07-16 11:26:17,1393.0,173039.0
1360,2021-07-16 11:26:14,1393.0,172930.0
1361,2021-07-16 11:26:09,1393.1,172898.0
1362,2021-07-16 11:26:06,1392.9,172818.0
1363,2021-07-16 11:26:03,1393.9,172795.0
1364,2021-07-16 11:26:01,1393.3,172692.0
1365,2021-07-16 11:25:58,1393.1,172617.0
1366,2021-07-16 11:25:55,1393.7,172564.0
1367,2021-07-16 11:25:53,1393.9,172556.0
1368,2021-07-16 11:25:50,1394.0,172513.0
1369,2021-07-16 11:25:48,1394.2,172512.0
1370,2021-07-16 11:25:45,1394.0,172504.0
1371,2021-07-16 11:25:40,1394.8,172438.0
1372,2021-07-16 11:25:37,1394.0,172436.0
1373,2021-07-16 11:25:35,1394.8,172409.0
1374,2021-07-16 11:25:32,1394.7,172396.0
1375,2021-07-16 11:25:30,1394.8,172391.0
1376,2021-07-16 11:25:27,1394.9,172375.0
1377,2021-07-16 11:25:24,1394.9,172347.0
1378,2021-07-16 11:25:22,1394.2,172343.0
1379,2021-07-16 11:25:19,1394.8,172293.0
1380,2021-07-16 11:25:16,1394.8,172282.0
1381,2021-07-16 11:25:14,1394.0,172266.0
1382,2021-07-16 11:25:11,1394.0,172218.0
1383,2021-07-16 11:25:08,1393.4,172204.0
1384,2021-07-16 11:25:06,1393.7,172168.0
1385,2021-07-16 11:25:03,1393.4,172059.0
1386,2021-07-16 11:25:00,1393.4,171991.0
1387,2021-07-16 11:24:57,1393.4,171959.0
1388,2021-07-16 11:24:55,1393.4,171902.0
1389,2021-07-16 11:24:52,1393.0,171859.0
1390,2021-07-16 11:24:50,1393.8,171851.0
1391,2021-07-16 11:24:46,1393.9,171810.0
1392,2021-07-16 11:24:40,1394.8,171714.0
1393,2021-07-16 11:24:38,1394.9,171669.0
1394,2021-07-16 11:24:33,1394.0,171562.0
1395,2021-07-16 11:24:27,1395.8,171332.0
1396,2021-07-16 11:24:24,1395.3,171325.0
1397,2021-07-16 11:24:21,1395.3,171320.0
1398,2021-07-16 11:24:18,1396.2,171318.0
1399,2021-07-16 11:24:16,1396.1,171290.0
1400,2021-07-16 11:24:13,1396.2,171250.0
1401,2021-07-16 11:24:10,1396.2,171243.0
1402,2021-07-16 11:24:07,1396.2,171242.0
1403,2021-07-16 11:24:04,1396.2,171239.0
1404,2021-07-16 11:24:01,1396.2,171138.0
1405,2021-07-16 11:23:59,1396.2,171007.0
1406,2021-07-16 11:23:56,1396.2,171004.0
1407,2021-07-16 11:23:53,1396.1,170969.0
1408,2021-07-16 11:23:50,1395.3,170792.0
1409,2021-07-16 11:23:48,1394.9,170713.0
1410,2021-07-16 11:23:45,1394.7,170610.0
1411,2021-07-16 11:23:42,1395.0,170592.0
1412,2021-07-16 11:23:40,1394.6,170531.0
1413,2021-07-16 11:23:37,1394.7,170507.0
1414,2021-07-16 11:23:35,1395.0,170489.0
1415,2021-07-16 11:23:32,1394.2,170465.0
1416,2021-07-16 11:23:30,1395.4,170403.0
1417,2021-07-16 11:23:27,1395.0,170355.0
1418,2021-07-16 11:23:25,1395.3,170258.0
1419,2021-07-16 11:23:22,1395.5,170252.0
1420,2021-07-16 11:23:19,1396.1,170197.0
1421,2021-07-16 11:23:17,1396.2,170175.0
1422,2021-07-16 11:23:14,1396.2,170057.0
1423,2021-07-16 11:23:11,1396.3,170021.0
1424,2021-07-16 11:23:06,1396.0,169983.0
1425,2021-07-16 11:23:01,1396.4,169811.0
1426,2021-07-16 11:22:59,1396.0,169802.0
1427,2021-07-16 11:22:56,1396.1,169757.0
1428,2021-07-16 11:22:54,1396.4,169725.0
1429,2021-07-16 11:22:48,1397.0,169503.0
1430,2021-07-16 11:22:43,1397.1,169462.0
1431,2021-07-16 11:22:41,1397.6,169409.0
1432,2021-07-16 11:22:36,1397.5,169260.0
1433,2021-07-16 11:22:30,1398.0,169174.0
1434,2021-07-16 11:22:25,1397.5,169049.0
1435,2021-07-16 11:22:20,1397.5,168958.0
1436,2021-07-16 11:22:15,1397.1,168844.0
1437,2021-07-16 11:22:10,1397.0,168681.0
1438,2021-07-16 11:22:07,1396.8,168605.0
1439,2021-07-16 11:22:05,1396.4,168583.0
1440,2021-07-16 11:22:02,1396.1,168545.0
1441,2021-07-16 11:21:59,1395.5,168431.0
1442,2021-07-16 11:21:56,1395.4,168370.0
1443,2021-07-16 11:21:54,1395.5,168350.0
1444,2021-07-16 11:21:51,1395.4,168335.0
1445,2021-07-16 11:21:46,1394.5,168285.0
1446,2021-07-16 11:21:41,1394.6,168137.0
1447,2021-07-16 11:21:36,1394.5,168107.0
1448,2021-07-16 11:21:31,1394.6,167981.0
1449,2021-07-16 11:21:29,1394.1,167947.0
1450,2021-07-16 11:21:26,1394.1,167910.0
1451,2021-07-16 11:21:24,1394.5,167901.0
1452,2021-07-16 11:21:21,1395.0,167852.0
1453,2021-07-16 11:21:18,1396.0,167809.0
1454,2021-07-16 11:21:13,1396.1,167647.0
1455,2021-07-16 11:21:05,1396.3,167420.0
1456,2021-07-16 11:21:00,1397.0,167246.0
1457,2021-07-16 11:20:55,1395.8,167098.0
1458,2021-07-16 11:20:53,1395.7,166909.0
1459,2021-07-16 11:20:50,1395.5,166821.0
1460,2021-07-16 11:20:47,1395.8,166745.0
1461,2021-07-16 11:20:45,1395.5,166695.0
1462,2021-07-16 11:20:42,1395.2,166684.0
1463,2021-07-16 11:20:39,1393.6,166569.0
1464,2021-07-16 11:20:34,1394.0,166446.0
1465,2021-07-16 11:20:29,1392.9,166387.0
1466,2021-07-16 11:20:27,1392.9,166266.0
1467,2021-07-16 11:20:24,1392.7,166237.0
1468,2021-07-16 11:20:22,1392.1,166091.0
1469,2021-07-16 11:20:14,1392.0,165987.0
1470,2021-07-16 11:20:12,1392.1,165926.0
1471,2021-07-16 11:20:09,1392.7,165878.0
1472,2021-07-16 11:20:06,1392.1,165848.0
1473,2021-07-16 11:20:03,1392.1,165763.0
1474,2021-07-16 11:20:00,1392.9,165643.0
1475,2021-07-16 11:19:58,1392.5,165564.0
1476,2021-07-16 11:19:55,1392.7,165460.0
1477,2021-07-16 11:19:52,1392.1,165441.0
1478,2021-07-16 11:19:49,1392.3,165371.0
1479,2021-07-16 11:19:46,1392.1,165247.0
1480,2021-07-16 11:19:44,1392.6,165074.0
1481,2021-07-16 11:19:41,1391.8,164945.0
1482,2021-07-16 11:19:38,1391.7,164888.0
1483,2021-07-16 11:19:36,1391.8,164834.0
1484,2021-07-16 11:19:34,1391.3,164693.0
1485,2021-07-16 11:19:31,1391.1,164647.0
1486,2021-07-16 11:19:29,1391.1,164467.0
1487,2021-07-16 11:19:26,1390.5,164331.0
1488,2021-07-16 11:19:24,1391.1,164223.0
1489,2021-07-16 11:19:21,1390.4,164103.0
1490,2021-07-16 11:19:19,1390.7,163676.0
1491,2021-07-16 11:19:16,1390.7,163554.0
1492,2021-07-16 11:19:13,1391.3,163043.0
1493,2021-07-16 11:19:11,1391.1,162963.0
1494,2021-07-16 11:19:08,1392.2,162731.0
1495,2021-07-16 11:19:05,1392.0,162664.0
1496,2021-07-16 11:19:02,1393.2,162488.0
1497,2021-07-16 11:19:00,1393.4,162141.0
1498,2021-07-16 11:18:57,1394.0,162041.0
1499,2021-07-16 11:18:55,1393.4,161996.0
1500,2021-07-16 11:18:52,1394.0,161955.0
1501,2021-07-16 11:18:50,1395.9,161711.0
1502,2021-07-16 11:18:47,1395.7,161698.0
1503,2021-07-16 11:18:44,1395.9,161649.0
1504,2021-07-16 11:18:40,1395.0,161624.0
1505,2021-07-16 11:18:37,1395.0,161599.0
1506,2021-07-16 11:18:35,1395.9,161501.0
1507,2021-07-16 11:18:27,1395.6,161388.0
1508,2021-07-16 11:18:22,1394.0,161294.0
1509,2021-07-16 11:18:19,1395.3,161203.0
1510,2021-07-16 11:18:16,1395.1,160898.0
1511,2021-07-16 11:18:14,1395.9,160876.0
1512,2021-07-16 11:18:08,1396.0,160678.0
1513,2021-07-16 11:18:06,1396.0,160667.0
1514,2021-07-16 11:18:04,1396.2,160651.0
1515,2021-07-16 11:18:01,1396.0,160589.0
1516,2021-07-16 11:17:58,1396.0,160495.0
1517,2021-07-16 11:17:56,1396.4,160400.0
1518,2021-07-16 11:17:54,1397.0,160337.0
1519,2021-07-16 11:17:51,1396.4,160238.0
1520,2021-07-16 11:17:49,1397.0,160096.0
1521,2021-07-16 11:17:46,1396.4,160068.0
1522,2021-07-16 11:17:44,1396.8,160041.0
1523,2021-07-16 11:17:39,1396.4,159989.0
1524,2021-07-16 11:17:34,1396.8,159959.0
1525,2021-07-16 11:17:27,1395.8,159752.0
1526,2021-07-16 11:17:22,1395.0,159612.0
1527,2021-07-16 11:17:20,1395.9,159559.0
1528,2021-07-16 11:17:17,1395.0,159499.0
1529,2021-07-16 11:17:15,1396.0,159192.0
1530,2021-07-16 11:17:07,1394.0,158836.0
1531,2021-07-16 11:17:00,1395.0,158416.0
1532,2021-07-16 11:16:55,1394.1,158286.0
1533,2021-07-16 11:16:52,1394.5,158238.0
1534,2021-07-16 11:16:50,1395.0,158206.0
1535,2021-07-16 11:16:45,1395.7,157549.0
1536,2021-07-16 11:16:33,1396.0,157107.0
1537,2021-07-16 11:16:30,1397.0,156906.0
1538,2021-07-16 11:16:26,1397.1,156657.0
1539,2021-07-16 11:16:19,1397.6,156410.0
1540,2021-07-16 11:16:16,1397.1,156403.0
1541,2021-07-16 11:16:14,1397.6,156384.0
1542,2021-07-16 11:16:11,1397.4,156251.0
1543,2021-07-16 11:16:09,1398.0,156212.0
1544,2021-07-16 11:16:06,1398.0,156185.0
1545,2021-07-16 11:16:03,1398.0,156162.0
1546,2021-07-16 11:16:01,1398.0,156076.0
1547,2021-07-16 11:15:58,1398.0,156039.0
1548,2021-07-16 11:15:55,1399.5,155597.0
1549,2021-07-16 11:15:52,1399.3,155590.0
1550,2021-07-16 11:15:49,1399.5,155552.0
1551,2021-07-16 11:15:47,1399.6,155545.0
1552,2021-07-16 11:15:44,1399.2,155529.0
1553,2021-07-16 11:15:42,1399.2,155522.0
1554,2021-07-16 11:15:39,1398.6,155469.0
1555,2021-07-16 11:15:37,1398.9,155413.0
1556,2021-07-16 11:15:34,1398.6,155385.0
1557,2021-07-16 11:15:29,1398.6,155224.0
1558,2021-07-16 11:15:26,1398.6,155212.0
1559,2021-07-16 11:15:23,1398.2,155122.0
1560,2021-07-16 11:15:18,1397.7,154969.0
1561,2021-07-16 11:15:12,1398.2,154778.0
1562,2021-07-16 11:15:05,1397.1,154659.0
1563,2021-07-16 11:15:03,1398.0,154553.0
1564,2021-07-16 11:15:01,1399.0,154427.0
1565,2021-07-16 11:14:56,1397.5,154030.0
1566,2021-07-16 11:14:48,1399.0,153380.0
1567,2021-07-16 11:14:41,1400.3,152940.0
1568,2021-07-16 11:14:33,1400.2,152885.0
1569,2021-07-16 11:14:31,1400.4,152872.0
1570,2021-07-16 11:14:26,1401.5,152765.0
1571,2021-07-16 11:14:21,1401.7,152741.0
1572,2021-07-16 11:14:19,1401.1,152684.0
1573,2021-07-16 11:14:14,1401.1,152673.0
1574,2021-07-16 11:14:11,1401.8,152653.0
1575,2021-07-16 11:14:09,1401.1,152652.0
1576,2021-07-16 11:14:07,1401.4,152646.0
1577,2021-07-16 11:14:04,1401.9,152640.0
1578,2021-07-16 11:13:59,1401.8,152608.0
1579,2021-07-16 11:13:56,1401.8,152600.0
1580,2021-07-16 11:13:54,1401.4,152592.0
1581,2021-07-16 11:13:52,1401.8,152581.0
1582,2021-07-16 11:13:49,1401.5,152549.0
1583,2021-07-16 11:13:47,1401.1,152516.0
1584,2021-07-16 11:13:45,1401.1,152515.0
1585,2021-07-16 11:13:42,1401.0,152507.0
1586,2021-07-16 11:13:40,1401.0,152488.0
1587,2021-07-16 11:13:38,1401.0,152480.0
1588,2021-07-16 11:13:35,1400.9,152445.0
1589,2021-07-16 11:13:33,1400.8,152444.0
1590,2021-07-16 11:13:31,1400.9,152412.0
1591,2021-07-16 11:13:28,1400.8,152410.0
1592,2021-07-16 11:13:26,1401.0,152385.0
1593,2021-07-16 11:13:24,1401.0,152340.0
1594,2021-07-16 11:13:21,1401.1,152322.0
1595,2021-07-16 11:13:19,1401.2,152271.0
1596,2021-07-16 11:13:17,1401.2,152267.0
1597,2021-07-16 11:13:14,1401.5,152264.0
1598,2021-07-16 11:13:12,1401.5,152218.0
1599,2021-07-16 11:13:09,1401.2,152205.0
1600,2021-07-16 11:13:06,1401.5,152201.0
1601,2021-07-16 11:13:04,1401.2,152197.0
1602,2021-07-16 11:13:01,1401.8,152195.0
1603,2021-07-16 11:12:58,1401.5,152194.0
1604,2021-07-16 11:12:56,1401.8,152186.0
1605,2021-07-16 11:12:53,1401.8,152181.0
1606,2021-07-16 11:12:50,1401.2,152149.0
1607,2021-07-16 11:12:45,1401.8,152120.0
1608,2021-07-16 11:12:40,1401.2,152044.0
1609,2021-07-16 11:12:38,1400.7,151949.0
1610,2021-07-16 11:12:31,1401.5,151849.0
1611,2021-07-16 11:12:28,1401.0,151798.0
1612,2021-07-16 11:12:26,1401.3,151765.0
1613,2021-07-16 11:12:23,1401.1,151757.0
1614,2021-07-16 11:12:21,1401.3,151739.0
1615,2021-07-16 11:12:17,1401.5,151686.0
1616,2021-07-16 11:12:12,1401.9,151647.0
1617,2021-07-16 11:12:08,1402.0,151585.0
1618,2021-07-16 11:12:05,1402.1,151531.0
1619,2021-07-16 11:12:02,1402.4,151494.0
1620,2021-07-16 11:12:00,1402.4,151470.0
1621,2021-07-16 11:11:57,1402.8,151405.0
1622,2021-07-16 11:11:55,1402.8,151388.0
1623,2021-07-16 11:11:53,1403.1,151339.0
1624,2021-07-16 11:11:51,1403.0,151336.0
1625,2021-07-16 11:11:48,1403.0,151330.0
1626,2021-07-16 11:11:46,1403.1,151287.0
1627,2021-07-16 11:11:43,1403.0,151281.0
1628,2021-07-16 11:11:41,1403.1,151250.0
1629,2021-07-16 11:11:38,1403.4,151245.0
1630,2021-07-16 11:11:36,1403.5,151242.0
1631,2021-07-16 11:11:33,1403.1,151233.0
1632,2021-07-16 11:11:31,1403.5,151224.0
1633,2021-07-16 11:11:29,1403.4,151214.0
1634,2021-07-16 11:11:26,1403.5,151204.0
1635,2021-07-16 11:11:24,1403.4,151181.0
1636,2021-07-16 11:11:22,1403.5,151171.0
1637,2021-07-16 11:11:19,1403.4,151118.0
1638,2021-07-16 11:11:17,1403.4,151110.0
1639,2021-07-16 11:11:14,1403.4,151100.0
1640,2021-07-16 11:11:09,1403.5,151064.0
1641,2021-07-16 11:11:05,1403.3,150976.0
1642,2021-07-16 11:11:02,1403.0,150951.0
1643,2021-07-16 11:10:59,1403.0,150897.0
1644,2021-07-16 11:10:57,1403.0,150835.0
1645,2021-07-16 11:10:51,1402.8,150794.0
1646,2021-07-16 11:10:47,1402.5,150742.0
1647,2021-07-16 11:10:44,1402.5,150741.0
1648,2021-07-16 11:10:40,1402.5,150738.0
1649,2021-07-16 11:10:35,1402.5,150707.0
1650,2021-07-16 11:10:33,1402.3,150686.0
1651,2021-07-16 11:10:28,1402.2,150654.0
1652,2021-07-16 11:10:23,1402.2,150534.0
1653,2021-07-16 11:10:20,1402.1,150529.0
1654,2021-07-16 11:10:18,1402.2,150485.0
1655,2021-07-16 11:10:16,1402.6,150475.0
1656,2021-07-16 11:10:10,1402.1,150467.0
1657,2021-07-16 11:10:08,1402.9,150436.0
1658,2021-07-16 11:10:06,1402.6,150432.0
1659,2021-07-16 11:10:03,1403.0,150427.0
1660,2021-07-16 11:10:01,1402.8,150414.0
1661,2021-07-16 11:09:58,1403.0,150411.0
1662,2021-07-16 11:09:56,1402.8,150385.0
1663,2021-07-16 11:09:53,1402.9,150369.0
1664,2021-07-16 11:09:48,1402.8,150350.0
1665,2021-07-16 11:09:45,1402.9,150314.0
1666,2021-07-16 11:09:40,1402.6,150262.0
1667,2021-07-16 11:09:35,1402.5,150259.0
1668,2021-07-16 11:09:33,1402.4,150249.0
1669,2021-07-16 11:09:28,1402.5,150211.0
1670,2021-07-16 11:09:26,1402.2,150177.0
1671,2021-07-16 11:09:21,1402.1,150131.0
1672,2021-07-16 11:09:17,1402.1,150120.0
1673,2021-07-16 11:09:12,1402.1,150089.0
1674,2021-07-16 11:09:09,1402.2,150045.0
1675,2021-07-16 11:09:05,1402.5,150016.0
1676,2021-07-16 11:09:00,1402.2,149974.0
1677,2021-07-16 11:08:58,1402.0,149900.0
1678,2021-07-16 11:08:54,1402.0,149767.0
1679,2021-07-16 11:08:51,1402.1,149717.0
1680,2021-07-16 11:08:49,1402.6,149700.0
1681,2021-07-16 11:08:47,1402.5,149693.0
1682,2021-07-16 11:08:42,1402.5,149667.0
1683,2021-07-16 11:08:38,1402.5,149596.0
1684,2021-07-16 11:08:34,1402.9,149569.0
1685,2021-07-16 11:08:31,1402.9,149530.0
1686,2021-07-16 11:08:29,1402.9,149517.0
1687,2021-07-16 11:08:24,1403.1,149444.0
1688,2021-07-16 11:08:19,1403.2,149372.0
1689,2021-07-16 11:08:17,1403.0,149354.0
1690,2021-07-16 11:08:15,1403.0,149314.0
1691,2021-07-16 11:08:13,1403.1,149237.0
1692,2021-07-16 11:08:10,1403.2,149225.0
1693,2021-07-16 11:08:08,1403.0,149218.0
1694,2021-07-16 11:08:06,1403.1,149211.0
1695,2021-07-16 11:08:03,1403.0,149199.0
1696,2021-07-16 11:08:01,1403.0,149190.0
1697,2021-07-16 11:07:59,1402.6,149061.0
1698,2021-07-16 11:07:56,1402.5,149043.0
1699,2021-07-16 11:07:54,1402.6,149029.0
1700,2021-07-16 11:07:51,1402.5,149024.0
1701,2021-07-16 11:07:49,1402.5,148994.0
1702,2021-07-16 11:07:47,1402.6,148992.0
1703,2021-07-16 11:07:45,1403.0,148968.0
1704,2021-07-16 11:07:42,1403.0,148952.0
1705,2021-07-16 11:07:40,1403.2,148748.0
1706,2021-07-16 11:07:38,1403.1,148743.0
1707,2021-07-16 11:07:36,1403.2,148736.0
1708,2021-07-16 11:07:34,1403.1,148724.0
1709,2021-07-16 11:07:31,1403.2,148722.0
1710,2021-07-16 11:07:29,1403.2,148712.0
1711,2021-07-16 11:07:27,1403.1,148693.0
1712,2021-07-16 11:07:25,1403.3,148684.0
1713,2021-07-16 11:07:22,1403.3,148665.0
1714,2021-07-16 11:07:20,1403.2,148643.0
1715,2021-07-16 11:07:18,1403.3,148601.0
1716,2021-07-16 11:07:16,1403.3,148585.0
1717,2021-07-16 11:07:14,1403.1,148584.0
1718,2021-07-16 11:07:11,1403.1,148577.0
1719,2021-07-16 11:07:09,1403.0,148565.0
1720,2021-07-16 11:07:07,1403.0,148563.0
1721,2021-07-16 11:07:04,1403.0,148514.0
1722,2021-07-16 11:07:02,1402.8,148511.0
1723,2021-07-16 11:07:00,1403.0,148509.0
1724,2021-07-16 11:06:57,1402.6,148493.0
1725,2021-07-16 11:06:55,1402.6,148452.0
1726,2021-07-16 11:06:52,1402.6,148432.0
1727,2021-07-16 11:06:49,1402.6,148422.0
1728,2021-07-16 11:06:47,1402.6,148391.0
1729,2021-07-16 11:06:44,1402.6,148385.0
1730,2021-07-16 11:06:42,1402.6,148360.0
1731,2021-07-16 11:06:40,1403.0,148310.0
1732,2021-07-16 11:06:35,1403.2,148237.0
1733,2021-07-16 11:06:30,1403.3,148220.0
1734,2021-07-16 11:06:26,1403.4,148179.0
1735,2021-07-16 11:06:22,1403.5,148123.0
1736,2021-07-16 11:06:17,1403.5,148095.0
1737,2021-07-16 11:06:15,1403.5,148084.0
1738,2021-07-16 11:06:13,1403.7,148044.0
1739,2021-07-16 11:06:08,1403.7,147969.0
1740,2021-07-16 11:06:06,1403.7,147953.0
1741,2021-07-16 11:06:04,1403.7,147935.0
1742,2021-07-16 11:06:01,1403.9,147872.0
1743,2021-07-16 11:05:59,1403.8,147755.0
1744,2021-07-16 11:05:56,1403.6,147744.0
1745,2021-07-16 11:05:54,1404.0,147625.0
1746,2021-07-16 11:05:51,1403.6,147583.0
1747,2021-07-16 11:05:49,1403.9,147536.0
1748,2021-07-16 11:05:47,1404.0,147503.0
1749,2021-07-16 11:05:45,1403.9,147359.0
1750,2021-07-16 11:05:42,1403.9,147297.0
1751,2021-07-16 11:05:40,1403.9,147270.0
1752,2021-07-16 11:05:38,1403.9,147162.0
1753,2021-07-16 11:05:35,1404.0,147093.0
1754,2021-07-16 11:05:33,1403.5,146952.0
1755,2021-07-16 11:05:30,1403.5,146881.0
1756,2021-07-16 11:05:28,1403.2,146755.0
1757,2021-07-16 11:05:25,1403.2,146733.0
1758,2021-07-16 11:05:23,1403.2,146656.0
1759,2021-07-16 11:05:20,1403.0,146619.0
1760,2021-07-16 11:05:18,1403.0,146543.0
1761,2021-07-16 11:05:14,1402.2,146381.0
1762,2021-07-16 11:05:08,1402.2,146349.0
1763,2021-07-16 11:05:05,1402.5,146341.0
1764,2021-07-16 11:05:03,1402.2,146277.0
1765,2021-07-16 11:04:58,1402.0,146234.0
1766,2021-07-16 11:04:56,1402.2,146222.0
1767,2021-07-16 11:04:51,1401.8,146207.0
1768,2021-07-16 11:04:47,1401.8,146174.0
1769,2021-07-16 11:04:43,1401.7,146136.0
1770,2021-07-16 11:04:38,1401.8,146098.0
1771,2021-07-16 11:04:34,1401.8,146086.0
1772,2021-07-16 11:04:29,1402.2,146044.0
1773,2021-07-16 11:04:25,1402.3,145941.0
1774,2021-07-16 11:04:20,1402.5,145909.0
1775,2021-07-16 11:04:16,1402.8,145831.0
1776,2021-07-16 11:04:09,1402.5,145669.0
1777,2021-07-16 11:04:06,1402.9,145634.0
1778,2021-07-16 11:04:04,1402.5,145542.0
1779,2021-07-16 11:04:02,1402.9,145486.0
1780,2021-07-16 11:04:00,1402.0,145365.0
1781,2021-07-16 11:03:58,1402.4,145327.0
1782,2021-07-16 11:03:56,1402.0,145222.0
1783,2021-07-16 11:03:53,1402.0,145213.0
1784,2021-07-16 11:03:51,1401.6,145139.0
1785,2021-07-16 11:03:48,1401.5,145076.0
1786,2021-07-16 11:03:46,1401.6,145044.0
1787,2021-07-16 11:03:43,1401.0,145005.0
1788,2021-07-16 11:03:41,1400.8,144883.0
1789,2021-07-16 11:03:38,1401.0,144852.0
1790,2021-07-16 11:03:35,1400.4,144819.0
1791,2021-07-16 11:03:33,1400.4,144758.0
1792,2021-07-16 11:03:31,1400.0,144743.0
1793,2021-07-16 11:03:28,1400.1,144736.0
1794,2021-07-16 11:03:26,1400.0,144713.0
1795,2021-07-16 11:03:24,1399.5,144677.0
1796,2021-07-16 11:03:22,1400.0,144650.0
1797,2021-07-16 11:03:20,1400.0,144638.0
1798,2021-07-16 11:03:16,1399.3,144608.0
1799,2021-07-16 11:03:14,1399.8,144596.0
1800,2021-07-16 11:03:07,1399.1,144549.0
1801,2021-07-16 11:03:05,1398.6,144513.0
1802,2021-07-16 11:03:00,1398.3,144483.0
1803,2021-07-16 11:02:56,1398.2,144470.0
1804,2021-07-16 11:02:54,1398.2,144459.0
1805,2021-07-16 11:02:52,1399.0,144455.0
1806,2021-07-16 11:02:49,1399.1,144446.0
1807,2021-07-16 11:02:45,1399.2,144265.0
1808,2021-07-16 11:02:40,1399.3,144195.0
1809,2021-07-16 11:02:36,1399.1,144174.0
1810,2021-07-16 11:02:33,1399.3,144132.0
1811,2021-07-16 11:02:29,1399.3,144122.0
1812,2021-07-16 11:02:24,1399.1,144109.0
1813,2021-07-16 11:02:20,1399.4,144055.0
1814,2021-07-16 11:02:18,1399.3,144043.0
1815,2021-07-16 11:02:16,1399.3,144035.0
1816,2021-07-16 11:02:14,1399.3,144030.0
1817,2021-07-16 11:02:11,1399.2,144017.0
1818,2021-07-16 11:02:09,1399.1,144003.0
1819,2021-07-16 11:02:07,1399.3,143994.0
1820,2021-07-16 11:02:05,1399.0,143993.0
1821,2021-07-16 11:02:02,1398.6,143975.0
1822,2021-07-16 11:02:00,1398.8,143969.0
1823,2021-07-16 11:01:58,1398.8,143955.0
1824,2021-07-16 11:01:56,1398.2,143948.0
1825,2021-07-16 11:01:54,1397.7,143919.0
1826,2021-07-16 11:01:52,1397.5,143881.0
1827,2021-07-16 11:01:49,1397.3,143861.0
1828,2021-07-16 11:01:46,1397.3,143836.0
1829,2021-07-16 11:01:44,1397.3,143796.0
1830,2021-07-16 11:01:42,1397.5,143781.0
1831,2021-07-16 11:01:40,1398.0,143766.0
1832,2021-07-16 11:01:37,1398.1,143732.0
1833,2021-07-16 11:01:35,1398.2,143724.0
1834,2021-07-16 11:01:33,1398.6,143692.0
1835,2021-07-16 11:01:31,1398.5,143620.0
1836,2021-07-16 11:01:29,1398.8,143615.0
1837,2021-07-16 11:01:26,1398.6,143517.0
1838,2021-07-16 11:01:24,1398.5,143488.0
1839,2021-07-16 11:01:22,1398.0,143439.0
1840,2021-07-16 11:01:20,1398.0,143411.0
1841,2021-07-16 11:01:18,1398.5,143396.0
1842,2021-07-16 11:01:13,1398.7,143290.0
1843,2021-07-16 11:01:09,1399.1,143270.0
1844,2021-07-16 11:01:05,1399.0,143258.0
1845,2021-07-16 11:01:00,1399.5,143216.0
1846,2021-07-16 11:00:58,1399.1,143198.0
1847,2021-07-16 11:00:53,1399.3,143188.0
1848,2021-07-16 11:00:50,1400.0,143179.0
1849,2021-07-16 11:00:48,1400.5,143163.0
1850,2021-07-16 11:00:45,1400.2,143140.0
1851,2021-07-16 11:00:40,1400.5,143135.0
1852,2021-07-16 11:00:35,1400.6,143069.0
1853,2021-07-16 11:00:32,1400.4,142992.0
1854,2021-07-16 11:00:30,1400.4,142988.0
1855,2021-07-16 11:00:25,1400.4,142971.0
1856,2021-07-16 11:00:23,1400.3,142933.0
1857,2021-07-16 11:00:18,1400.6,142929.0
1858,2021-07-16 11:00:14,1400.3,142886.0
1859,2021-07-16 11:00:09,1400.3,142868.0
1860,2021-07-16 11:00:06,1401.0,142831.0
1861,2021-07-16 11:00:04,1400.0,142791.0
1862,2021-07-16 11:00:02,1400.0,142786.0
1863,2021-07-16 11:00:00,1400.0,142680.0
1864,2021-07-16 10:59:58,1400.0,142643.0
1865,2021-07-16 10:59:55,1399.9,142626.0
1866,2021-07-16 10:59:53,1399.7,142610.0
1867,2021-07-16 10:59:51,1399.6,142597.0
1868,2021-07-16 10:59:49,1399.1,142577.0
1869,2021-07-16 10:59:47,1399.1,142575.0
1870,2021-07-16 10:59:44,1399.4,142562.0
1871,2021-07-16 10:59:42,1400.0,142556.0
1872,2021-07-16 10:59:40,1399.9,142542.0
1873,2021-07-16 10:59:38,1400.1,142501.0
1874,2021-07-16 10:59:35,1400.1,142454.0
1875,2021-07-16 10:59:33,1400.3,142405.0
1876,2021-07-16 10:59:30,1400.5,142386.0
1877,2021-07-16 10:59:28,1400.4,142375.0
1878,2021-07-16 10:59:26,1401.0,142364.0
1879,2021-07-16 10:59:23,1401.0,142340.0
1880,2021-07-16 10:59:19,1401.0,142270.0
1881,2021-07-16 10:59:15,1401.0,142140.0
1882,2021-07-16 10:59:10,1400.5,142082.0
1883,2021-07-16 10:59:08,1400.7,142069.0
1884,2021-07-16 10:59:06,1400.9,142032.0
1885,2021-07-16 10:59:03,1400.5,141945.0
1886,2021-07-16 10:58:58,1400.2,141853.0
1887,2021-07-16 10:58:53,1399.8,141779.0
1888,2021-07-16 10:58:51,1399.7,141707.0
1889,2021-07-16 10:58:46,1399.1,141602.0
1890,2021-07-16 10:58:41,1399.4,141552.0
1891,2021-07-16 10:58:37,1399.1,141512.0
1892,2021-07-16 10:58:34,1399.4,141510.0
1893,2021-07-16 10:58:32,1399.4,141499.0
1894,2021-07-16 10:58:29,1399.4,141433.0
1895,2021-07-16 10:58:24,1399.4,141418.0
1896,2021-07-16 10:58:22,1399.5,141337.0
1897,2021-07-16 10:58:17,1399.5,141321.0
1898,2021-07-16 10:58:15,1399.5,141311.0
1899,2021-07-16 10:58:12,1399.5,141298.0
1900,2021-07-16 10:58:10,1399.3,141292.0
1901,2021-07-16 10:58:07,1399.0,141271.0
1902,2021-07-16 10:58:04,1398.8,141264.0
1903,2021-07-16 10:58:02,1399.3,141262.0
1904,2021-07-16 10:58:00,1399.0,141222.0
1905,2021-07-16 10:57:57,1398.6,141188.0
1906,2021-07-16 10:57:55,1398.9,141174.0
1907,2021-07-16 10:57:53,1398.5,141154.0
1908,2021-07-16 10:57:51,1399.0,141149.0
1909,2021-07-16 10:57:48,1398.4,141125.0
1910,2021-07-16 10:57:46,1398.8,141104.0
1911,2021-07-16 10:57:44,1399.0,141080.0
1912,2021-07-16 10:57:42,1399.0,141077.0
1913,2021-07-16 10:57:40,1399.0,141071.0
1914,2021-07-16 10:57:37,1399.3,141062.0
1915,2021-07-16 10:57:35,1398.8,141054.0
1916,2021-07-16 10:57:33,1398.8,141050.0
1917,2021-07-16 10:57:31,1399.5,141013.0
1918,2021-07-16 10:57:28,1399.0,140983.0
1919,2021-07-16 10:57:26,1399.4,140970.0
1920,2021-07-16 10:57:24,1399.5,140953.0
1921,2021-07-16 10:57:21,1399.4,140923.0
1922,2021-07-16 10:57:19,1399.0,140891.0
1923,2021-07-16 10:57:16,1399.4,140855.0
1924,2021-07-16 10:57:14,1399.4,140830.0
1925,2021-07-16 10:57:12,1398.5,140794.0
1926,2021-07-16 10:57:09,1399.0,140716.0
1927,2021-07-16 10:57:07,1399.0,140709.0
1928,2021-07-16 10:57:04,1398.8,140625.0
1929,2021-07-16 10:57:02,1399.0,140613.0
1930,2021-07-16 10:57:00,1399.0,140604.0
1931,2021-07-16 10:56:58,1398.1,140573.0
1932,2021-07-16 10:56:55,1398.5,140531.0
1933,2021-07-16 10:56:50,1397.0,140426.0
1934,2021-07-16 10:56:43,1397.1,140306.0
1935,2021-07-16 10:56:38,1397.0,140157.0
1936,2021-07-16 10:56:28,1397.0,139923.0
1937,2021-07-16 10:56:26,1397.7,139809.0
1938,2021-07-16 10:56:24,1398.0,139714.0
1939,2021-07-16 10:56:22,1398.0,139670.0
1940,2021-07-16 10:56:20,1398.1,139486.0
1941,2021-07-16 10:56:18,1398.5,139399.0
1942,2021-07-16 10:56:15,1398.1,139290.0
1943,2021-07-16 10:56:13,1398.5,139283.0
1944,2021-07-16 10:56:11,1398.9,139242.0
1945,2021-07-16 10:56:09,1399.0,139229.0
1946,2021-07-16 10:56:06,1398.3,139223.0
1947,2021-07-16 10:56:04,1398.7,139169.0
1948,2021-07-16 10:56:02,1399.0,139131.0
1949,2021-07-16 10:56:00,1399.0,139118.0
1950,2021-07-16 10:55:58,1399.0,139068.0
1951,2021-07-16 10:55:56,1399.8,138973.0
1952,2021-07-16 10:55:53,1399.8,138939.0
1953,2021-07-16 10:55:51,1399.8,138892.0
1954,2021-07-16 10:55:49,1400.0,138822.0
1955,2021-07-16 10:55:47,1399.9,138809.0
1956,2021-07-16 10:55:44,1399.9,138672.0
1957,2021-07-16 10:55:42,1398.7,138450.0
1958,2021-07-16 10:55:40,1398.2,138446.0
1959,2021-07-16 10:55:38,1398.2,138343.0
1960,2021-07-16 10:55:36,1398.7,138274.0
1961,2021-07-16 10:55:34,1399.5,138214.0
1962,2021-07-16 10:55:31,1400.0,138186.0
1963,2021-07-16 10:55:29,1400.0,138162.0
1964,2021-07-16 10:55:27,1400.6,137860.0
1965,2021-07-16 10:55:24,1400.6,137817.0
1966,2021-07-16 10:55:22,1402.0,137762.0
1967,2021-07-16 10:55:20,1401.7,137665.0
1968,2021-07-16 10:55:15,1402.0,137659.0
1969,2021-07-16 10:55:13,1402.5,137603.0
1970,2021-07-16 10:55:08,1402.4,137599.0
1971,2021-07-16 10:55:05,1402.4,137588.0
1972,2021-07-16 10:55:00,1402.5,137545.0
1973,2021-07-16 10:54:58,1402.4,137541.0
1974,2021-07-16 10:54:53,1402.4,137535.0
1975,2021-07-16 10:54:49,1402.4,137529.0
1976,2021-07-16 10:54:44,1402.4,137526.0
1977,2021-07-16 10:54:40,1402.0,137458.0
1978,2021-07-16 10:54:36,1402.0,137407.0
1979,2021-07-16 10:54:31,1402.0,137398.0
1980,2021-07-16 10:54:27,1402.0,137370.0
1981,2021-07-16 10:54:23,1402.0,137349.0
1982,2021-07-16 10:54:19,1402.3,137288.0
1983,2021-07-16 10:54:17,1402.1,137287.0
1984,2021-07-16 10:54:14,1402.6,137230.0
1985,2021-07-16 10:54:12,1402.6,137219.0
1986,2021-07-16 10:54:08,1402.6,137208.0
1987,2021-07-16 10:54:05,1402.7,137199.0
1988,2021-07-16 10:54:03,1403.0,137181.0
1989,2021-07-16 10:54:01,1403.1,137125.0
1990,2021-07-16 10:53:59,1403.2,137119.0
1991,2021-07-16 10:53:57,1403.5,137104.0
1992,2021-07-16 10:53:55,1403.3,137098.0
1993,2021-07-16 10:53:53,1403.3,137096.0
1994,2021-07-16 10:53:51,1403.6,137092.0
1995,2021-07-16 10:53:49,1403.3,137085.0
1996,2021-07-16 10:53:47,1403.4,137081.0
1997,2021-07-16 10:53:45,1403.6,137080.0
1998,2021-07-16 10:53:43,1403.9,137067.0
1999,2021-07-16 10:53:41,1403.7,136992.0
2000,2021-07-16 10:53:38,1403.6,136982.0
2001,2021-07-16 10:53:36,1403.3,136973.0
2002,2021-07-16 10:53:34,1403.6,136964.0
2003,2021-07-16 10:53:32,1403.6,136961.0
2004,2021-07-16 10:53:30,1403.3,136945.0
2005,2021-07-16 10:53:28,1403.6,136943.0
2006,2021-07-16 10:53:25,1403.5,136929.0
2007,2021-07-16 10:53:23,1403.3,136925.0
2008,2021-07-16 10:53:17,1403.1,136856.0
2009,2021-07-16 10:53:13,1403.0,136816.0
2010,2021-07-16 10:53:11,1403.0,136814.0
2011,2021-07-16 10:53:06,1403.0,136804.0
2012,2021-07-16 10:53:02,1402.8,136777.0
2013,2021-07-16 10:52:58,1402.8,136775.0
2014,2021-07-16 10:52:56,1403.0,136774.0
2015,2021-07-16 10:52:51,1402.8,136747.0
2016,2021-07-16 10:52:49,1402.6,136703.0
2017,2021-07-16 10:52:45,1403.1,136699.0
2018,2021-07-16 10:52:41,1403.5,136613.0
2019,2021-07-16 10:52:37,1403.1,136581.0
2020,2021-07-16 10:52:32,1403.6,136527.0
2021,2021-07-16 10:52:28,1403.9,136492.0
2022,2021-07-16 10:52:24,1403.9,136411.0
2023,2021-07-16 10:52:22,1404.1,136353.0
2024,2021-07-16 10:52:20,1403.7,136265.0
2025,2021-07-16 10:52:13,1403.9,135962.0
2026,2021-07-16 10:52:09,1403.9,135900.0
2027,2021-07-16 10:52:07,1403.9,135899.0
2028,2021-07-16 10:52:05,1403.8,135863.0
2029,2021-07-16 10:52:03,1403.4,135822.0
2030,2021-07-16 10:52:01,1403.0,135800.0
2031,2021-07-16 10:51:59,1402.8,135737.0
2032,2021-07-16 10:51:56,1402.6,135713.0
2033,2021-07-16 10:51:54,1402.0,135650.0
2034,2021-07-16 10:51:52,1402.0,135630.0
2035,2021-07-16 10:51:50,1401.6,135627.0
2036,2021-07-16 10:51:48,1402.0,135599.0
2037,2021-07-16 10:51:45,1401.8,135550.0
2038,2021-07-16 10:51:43,1401.7,135549.0
2039,2021-07-16 10:51:41,1401.6,135548.0
2040,2021-07-16 10:51:39,1401.6,135545.0
2041,2021-07-16 10:51:37,1401.6,135540.0
2042,2021-07-16 10:51:33,1401.6,135533.0
2043,2021-07-16 10:51:31,1401.6,135532.0
2044,2021-07-16 10:51:29,1401.3,135530.0
2045,2021-07-16 10:51:27,1401.6,135465.0
2046,2021-07-16 10:51:24,1401.6,135460.0
2047,2021-07-16 10:51:22,1401.8,135459.0
2048,2021-07-16 10:51:20,1401.5,135449.0
2049,2021-07-16 10:51:18,1401.8,135398.0
2050,2021-07-16 10:51:16,1401.5,135391.0
2051,2021-07-16 10:51:13,1401.9,135383.0
2052,2021-07-16 10:51:11,1401.8,135382.0
2053,2021-07-16 10:51:09,1402.0,135380.0
2054,2021-07-16 10:51:04,1401.5,135343.0
2055,2021-07-16 10:50:58,1401.0,135334.0
2056,2021-07-16 10:50:56,1401.5,135291.0
2057,2021-07-16 10:50:54,1401.3,135231.0
2058,2021-07-16 10:50:51,1401.9,135211.0
2059,2021-07-16 10:50:50,1402.0,135190.0
2060,2021-07-16 10:50:47,1402.3,135189.0
2061,2021-07-16 10:50:45,1402.0,135134.0
2062,2021-07-16 10:50:43,1402.0,135083.0
2063,2021-07-16 10:50:40,1402.0,135079.0
2064,2021-07-16 10:50:38,1402.3,135053.0
2065,2021-07-16 10:50:36,1402.0,135032.0
2066,2021-07-16 10:50:33,1402.3,134983.0
2067,2021-07-16 10:50:31,1402.0,134982.0
2068,2021-07-16 10:50:29,1402.3,134955.0
2069,2021-07-16 10:50:27,1402.3,134952.0
2070,2021-07-16 10:50:25,1402.0,134931.0
2071,2021-07-16 10:50:22,1401.9,134894.0
2072,2021-07-16 10:50:20,1401.9,134892.0
2073,2021-07-16 10:50:18,1402.3,134879.0
2074,2021-07-16 10:50:16,1402.0,134871.0
2075,2021-07-16 10:50:14,1402.0,134860.0
2076,2021-07-16 10:50:12,1401.6,134825.0
2077,2021-07-16 10:50:10,1402.0,134821.0
2078,2021-07-16 10:50:08,1401.2,134815.0
2079,2021-07-16 10:50:06,1402.0,134812.0
2080,2021-07-16 10:50:03,1401.2,134807.0
2081,2021-07-16 10:50:01,1402.0,134787.0
2082,2021-07-16 10:49:59,1402.0,134756.0
2083,2021-07-16 10:49:56,1402.0,134735.0
2084,2021-07-16 10:49:54,1401.9,134726.0
2085,2021-07-16 10:49:51,1401.1,134630.0
2086,2021-07-16 10:49:50,1401.0,134593.0
2087,2021-07-16 10:49:47,1401.9,134578.0
2088,2021-07-16 10:49:45,1401.5,134563.0
2089,2021-07-16 10:49:44,1401.1,134550.0
2090,2021-07-16 10:49:41,1401.0,134498.0
2091,2021-07-16 10:49:39,1400.8,134482.0
2092,2021-07-16 10:49:37,1400.1,134473.0
2093,2021-07-16 10:49:35,1401.0,134411.0
2094,2021-07-16 10:49:33,1400.2,134396.0
2095,2021-07-16 10:49:30,1400.8,134359.0
2096,2021-07-16 10:49:28,1400.5,134348.0
2097,2021-07-16 10:49:26,1400.8,134344.0
2098,2021-07-16 10:49:24,1400.8,134310.0
2099,2021-07-16 10:49:22,1400.2,134287.0
2100,2021-07-16 10:49:20,1400.8,134279.0
2101,2021-07-16 10:49:14,1399.9,134056.0
2102,2021-07-16 10:49:12,1399.9,134052.0
2103,2021-07-16 10:49:10,1399.8,134028.0
2104,2021-07-16 10:49:06,1399.9,133973.0
2105,2021-07-16 10:49:01,1399.9,133947.0
2106,2021-07-16 10:48:57,1399.9,133806.0
2107,2021-07-16 10:48:53,1399.9,133716.0
2108,2021-07-16 10:48:49,1399.9,133621.0
2109,2021-07-16 10:48:45,1399.4,133576.0
2110,2021-07-16 10:48:39,1399.9,133488.0
2111,2021-07-16 10:48:37,1398.3,133415.0
2112,2021-07-16 10:48:35,1399.0,133309.0
2113,2021-07-16 10:48:28,1399.0,133109.0
2114,2021-07-16 10:48:22,1400.0,132945.0
2115,2021-07-16 10:48:16,1400.1,132856.0
2116,2021-07-16 10:48:14,1400.0,132818.0
2117,2021-07-16 10:48:12,1400.0,132752.0
2118,2021-07-16 10:48:10,1400.1,132745.0
2119,2021-07-16 10:48:08,1400.1,132738.0
2120,2021-07-16 10:48:06,1400.1,132654.0
2121,2021-07-16 10:48:04,1400.0,132645.0
2122,2021-07-16 10:48:02,1400.1,132571.0
2123,2021-07-16 10:48:00,1400.1,132562.0
2124,2021-07-16 10:47:57,1400.1,132548.0
2125,2021-07-16 10:47:55,1400.9,132539.0
2126,2021-07-16 10:47:54,1400.1,132525.0
2127,2021-07-16 10:47:51,1400.1,132512.0
2128,2021-07-16 10:47:49,1401.1,132423.0
2129,2021-07-16 10:47:47,1401.1,132394.0
2130,2021-07-16 10:47:45,1401.1,132385.0
2131,2021-07-16 10:47:42,1401.0,132382.0
2132,2021-07-16 10:47:40,1401.7,132355.0
2133,2021-07-16 10:47:38,1401.8,132350.0
2134,2021-07-16 10:47:36,1401.1,132349.0
2135,2021-07-16 10:47:34,1400.8,132313.0
2136,2021-07-16 10:47:32,1400.8,132242.0
2137,2021-07-16 10:47:29,1400.8,132219.0
2138,2021-07-16 10:47:23,1400.8,132079.0
2139,2021-07-16 10:47:21,1399.2,132027.0
2140,2021-07-16 10:47:19,1400.0,132015.0
2141,2021-07-16 10:47:13,1399.2,131654.0
2142,2021-07-16 10:47:05,1399.2,131268.0
2143,2021-07-16 10:46:59,1399.6,130955.0
2144,2021-07-16 10:46:57,1399.6,130934.0
2145,2021-07-16 10:46:55,1400.3,130668.0
2146,2021-07-16 10:46:53,1400.0,130353.0
2147,2021-07-16 10:46:46,1400.3,130099.0
2148,2021-07-16 10:46:40,1401.0,129844.0
2149,2021-07-16 10:46:33,1401.1,129485.0
2150,2021-07-16 10:46:28,1401.0,129377.0
2151,2021-07-16 10:46:24,1402.0,129134.0
2152,2021-07-16 10:46:22,1402.0,128973.0
2153,2021-07-16 10:46:18,1402.5,128925.0
2154,2021-07-16 10:46:12,1402.0,128880.0
2155,2021-07-16 10:46:08,1403.0,128756.0
2156,2021-07-16 10:46:06,1403.0,128751.0
2157,2021-07-16 10:46:04,1403.4,128715.0
2158,2021-07-16 10:46:02,1403.0,128704.0
2159,2021-07-16 10:46:00,1402.9,128684.0
2160,2021-07-16 10:45:58,1403.4,128587.0
2161,2021-07-16 10:45:56,1403.0,128586.0
2162,2021-07-16 10:45:54,1403.1,128536.0
2163,2021-07-16 10:45:52,1403.0,128530.0
2164,2021-07-16 10:45:50,1403.0,128504.0
2165,2021-07-16 10:45:48,1403.5,128489.0
2166,2021-07-16 10:45:46,1403.7,128477.0
2167,2021-07-16 10:45:43,1403.8,128459.0
2168,2021-07-16 10:45:42,1403.8,128450.0
2169,2021-07-16 10:45:40,1403.0,128359.0
2170,2021-07-16 10:45:38,1404.0,128342.0
2171,2021-07-16 10:45:36,1404.0,128334.0
2172,2021-07-16 10:45:34,1402.7,128297.0
2173,2021-07-16 10:45:32,1403.4,128283.0
2174,2021-07-16 10:45:30,1402.9,128163.0
2175,2021-07-16 10:45:28,1402.4,128151.0
2176,2021-07-16 10:45:26,1402.4,128136.0
2177,2021-07-16 10:45:24,1402.6,128047.0
2178,2021-07-16 10:45:22,1402.7,128041.0
2179,2021-07-16 10:45:20,1402.6,128007.0
2180,2021-07-16 10:45:14,1402.3,127917.0
2181,2021-07-16 10:45:12,1402.1,127877.0
2182,2021-07-16 10:45:10,1401.9,127851.0
2183,2021-07-16 10:45:08,1401.7,127839.0
2184,2021-07-16 10:45:06,1401.3,127775.0
2185,2021-07-16 10:45:04,1401.3,127769.0
2186,2021-07-16 10:45:01,1402.3,127736.0
2187,2021-07-16 10:44:59,1402.3,127722.0
2188,2021-07-16 10:44:57,1402.0,127713.0
2189,2021-07-16 10:44:56,1402.0,127682.0
2190,2021-07-16 10:44:54,1401.2,127653.0
2191,2021-07-16 10:44:52,1402.3,127539.0
2192,2021-07-16 10:44:49,1402.4,127536.0
2193,2021-07-16 10:44:47,1402.0,127520.0
2194,2021-07-16 10:44:45,1402.3,127432.0
2195,2021-07-16 10:44:43,1402.6,127400.0
2196,2021-07-16 10:44:41,1402.1,127326.0
2197,2021-07-16 10:44:39,1402.6,127316.0
2198,2021-07-16 10:44:37,1402.6,127294.0
2199,2021-07-16 10:44:35,1402.6,127260.0
2200,2021-07-16 10:44:33,1402.6,127244.0
2201,2021-07-16 10:44:31,1402.8,127227.0
2202,2021-07-16 10:44:29,1402.8,127221.0
2203,2021-07-16 10:44:27,1402.0,127200.0
2204,2021-07-16 10:44:25,1402.4,127190.0
2205,2021-07-16 10:44:23,1401.6,127174.0
2206,2021-07-16 10:44:21,1401.6,127168.0
2207,2021-07-16 10:44:19,1401.9,127066.0
2208,2021-07-16 10:44:17,1401.5,127044.0
2209,2021-07-16 10:44:15,1401.5,126937.0
2210,2021-07-16 10:44:13,1401.1,126702.0
2211,2021-07-16 10:44:09,1401.2,126661.0
2212,2021-07-16 10:44:07,1401.3,126507.0
2213,2021-07-16 10:44:05,1401.4,126392.0
2214,2021-07-16 10:44:02,1402.0,126341.0
2215,2021-07-16 10:44:00,1402.2,126288.0
2216,2021-07-16 10:43:58,1402.1,126232.0
2217,2021-07-16 10:43:56,1402.9,126118.0
2218,2021-07-16 10:43:54,1402.9,126001.0
2219,2021-07-16 10:43:52,1403.0,125907.0
2220,2021-07-16 10:43:50,1403.0,125794.0
2221,2021-07-16 10:43:48,1403.1,125705.0
2222,2021-07-16 10:43:46,1403.9,125588.0
2223,2021-07-16 10:43:44,1404.1,125517.0
2224,2021-07-16 10:43:42,1404.1,125405.0
2225,2021-07-16 10:43:40,1404.3,125373.0
2226,2021-07-16 10:43:37,1404.3,125358.0
2227,2021-07-16 10:43:33,1404.1,125276.0
2228,2021-07-16 10:43:28,1404.1,125275.0
2229,2021-07-16 10:43:24,1404.0,125253.0
2230,2021-07-16 10:43:22,1404.0,125233.0
2231,2021-07-16 10:43:20,1404.0,125214.0
2232,2021-07-16 10:43:17,1404.0,125208.0
2233,2021-07-16 10:43:13,1404.0,125190.0
2234,2021-07-16 10:43:11,1404.4,125181.0
2235,2021-07-16 10:43:06,1403.8,125168.0
2236,2021-07-16 10:43:04,1403.9,125160.0
2237,2021-07-16 10:43:01,1404.4,125153.0
2238,2021-07-16 10:42:59,1403.9,125139.0
2239,2021-07-16 10:42:57,1403.4,125104.0
2240,2021-07-16 10:42:53,1403.9,125098.0
2241,2021-07-16 10:42:49,1403.7,125082.0
2242,2021-07-16 10:42:45,1403.9,125077.0
2243,2021-07-16 10:42:42,1403.8,125075.0
2244,2021-07-16 10:42:38,1403.9,125073.0
2245,2021-07-16 10:42:34,1404.3,125052.0
2246,2021-07-16 10:42:32,1404.3,125008.0
2247,2021-07-16 10:42:30,1404.4,124959.0
2248,2021-07-16 10:42:27,1404.4,124921.0
2249,2021-07-16 10:42:23,1404.4,124884.0
2250,2021-07-16 10:42:19,1404.3,124861.0
2251,2021-07-16 10:42:15,1404.4,124844.0
2252,2021-07-16 10:42:13,1404.2,124829.0
2253,2021-07-16 10:42:11,1404.2,124819.0
2254,2021-07-16 10:42:09,1404.1,124797.0
2255,2021-07-16 10:42:07,1404.2,124776.0
2256,2021-07-16 10:42:05,1404.1,124753.0
2257,2021-07-16 10:42:03,1404.2,124752.0
2258,2021-07-16 10:42:01,1404.0,124737.0
2259,2021-07-16 10:41:59,1404.0,124658.0
2260,2021-07-16 10:41:57,1403.9,124587.0
2261,2021-07-16 10:41:55,1403.9,124576.0
2262,2021-07-16 10:41:53,1403.3,124569.0
2263,2021-07-16 10:41:51,1403.9,124562.0
2264,2021-07-16 10:41:49,1403.4,124547.0
2265,2021-07-16 10:41:47,1403.0,124493.0
2266,2021-07-16 10:41:45,1403.4,124414.0
2267,2021-07-16 10:41:43,1403.0,124387.0
2268,2021-07-16 10:41:41,1403.0,124344.0
2269,2021-07-16 10:41:39,1403.4,124227.0
2270,2021-07-16 10:41:37,1403.0,124199.0
2271,2021-07-16 10:41:35,1403.2,124067.0
2272,2021-07-16 10:41:33,1403.0,124062.0
2273,2021-07-16 10:41:31,1403.2,123957.0
2274,2021-07-16 10:41:29,1403.2,123945.0
2275,2021-07-16 10:41:27,1403.7,123943.0
2276,2021-07-16 10:41:24,1403.2,123926.0
2277,2021-07-16 10:41:22,1403.7,123858.0
2278,2021-07-16 10:41:20,1403.4,123836.0
2279,2021-07-16 10:41:17,1403.4,123827.0
2280,2021-07-16 10:41:15,1403.7,123764.0
2281,2021-07-16 10:41:11,1404.0,123588.0
2282,2021-07-16 10:41:06,1403.7,123541.0
2283,2021-07-16 10:41:02,1403.9,123426.0
2284,2021-07-16 10:40:56,1403.8,123386.0
2285,2021-07-16 10:40:50,1404.3,123284.0
2286,2021-07-16 10:40:46,1404.3,123263.0
2287,2021-07-16 10:40:41,1404.5,123242.0
2288,2021-07-16 10:40:39,1404.6,123231.0
2289,2021-07-16 10:40:37,1404.7,123210.0
2290,2021-07-16 10:40:35,1404.5,123199.0
2291,2021-07-16 10:40:33,1404.7,123176.0
2292,2021-07-16 10:40:28,1404.3,123167.0
2293,2021-07-16 10:40:21,1404.3,123159.0
2294,2021-07-16 10:40:19,1404.7,123156.0
2295,2021-07-16 10:40:17,1404.7,123128.0
2296,2021-07-16 10:40:15,1404.3,123117.0
2297,2021-07-16 10:40:13,1404.7,123105.0
2298,2021-07-16 10:40:09,1404.1,123085.0
2299,2021-07-16 10:40:07,1404.3,123067.0
2300,2021-07-16 10:40:05,1404.7,123061.0
2301,2021-07-16 10:40:01,1404.4,122987.0
2302,2021-07-16 10:39:57,1404.3,122978.0
2303,2021-07-16 10:39:55,1404.0,122976.0
2304,2021-07-16 10:39:53,1404.3,122974.0
2305,2021-07-16 10:39:50,1404.0,122967.0
2306,2021-07-16 10:39:49,1404.0,122964.0
2307,2021-07-16 10:39:47,1403.6,122939.0
2308,2021-07-16 10:39:43,1404.5,122914.0
2309,2021-07-16 10:39:37,1403.6,122870.0
2310,2021-07-16 10:39:33,1403.8,122849.0
2311,2021-07-16 10:39:29,1403.6,122825.0
2312,2021-07-16 10:39:27,1403.8,122791.0
2313,2021-07-16 10:39:25,1403.6,122788.0
2314,2021-07-16 10:39:22,1403.6,122783.0
2315,2021-07-16 10:39:21,1403.8,122782.0
2316,2021-07-16 10:39:19,1403.6,122778.0
2317,2021-07-16 10:39:17,1404.3,122768.0
2318,2021-07-16 10:39:15,1403.6,122742.0
2319,2021-07-16 10:39:13,1403.8,122716.0
2320,2021-07-16 10:39:11,1404.0,122706.0
2321,2021-07-16 10:39:09,1403.6,122695.0
2322,2021-07-16 10:39:07,1403.6,122670.0
2323,2021-07-16 10:39:05,1403.8,122650.0
2324,2021-07-16 10:39:03,1403.9,122635.0
2325,2021-07-16 10:39:01,1403.9,122619.0
2326,2021-07-16 10:38:59,1403.8,122609.0
2327,2021-07-16 10:38:56,1404.1,122553.0
2328,2021-07-16 10:38:55,1404.0,122519.0
2329,2021-07-16 10:38:53,1404.5,122494.0
2330,2021-07-16 10:38:49,1404.1,122472.0
2331,2021-07-16 10:38:47,1404.5,122465.0
2332,2021-07-16 10:38:45,1404.1,122464.0
2333,2021-07-16 10:38:43,1404.1,122456.0
2334,2021-07-16 10:38:41,1404.1,122453.0
2335,2021-07-16 10:38:39,1404.1,122425.0
2336,2021-07-16 10:38:37,1404.2,122424.0
2337,2021-07-16 10:38:34,1404.5,122414.0
2338,2021-07-16 10:38:32,1404.5,122411.0
2339,2021-07-16 10:38:31,1404.5,122383.0
2340,2021-07-16 10:38:29,1404.5,122382.0
2341,2021-07-16 10:38:27,1404.6,122377.0
2342,2021-07-16 10:38:25,1404.6,122375.0
2343,2021-07-16 10:38:23,1404.6,122370.0
2344,2021-07-16 10:38:17,1404.9,122365.0
2345,2021-07-16 10:38:15,1404.5,122358.0
2346,2021-07-16 10:38:13,1404.1,122347.0
2347,2021-07-16 10:38:09,1405.0,122328.0
2348,2021-07-16 10:38:05,1404.0,122278.0
2349,2021-07-16 10:37:59,1403.5,122215.0
2350,2021-07-16 10:37:55,1403.5,122077.0
2351,2021-07-16 10:37:51,1403.4,122046.0
2352,2021-07-16 10:37:45,1403.4,121981.0
2353,2021-07-16 10:37:43,1403.4,121978.0
2354,2021-07-16 10:37:41,1403.9,121966.0
2355,2021-07-16 10:37:39,1404.0,121963.0
2356,2021-07-16 10:37:37,1403.7,121895.0
2357,2021-07-16 10:37:33,1404.1,121798.0
2358,2021-07-16 10:37:27,1404.5,121699.0
2359,2021-07-16 10:37:22,1404.5,121636.0
2360,2021-07-16 10:37:19,1404.5,121626.0
2361,2021-07-16 10:37:13,1404.9,121499.0
2362,2021-07-16 10:37:09,1405.0,121453.0
2363,2021-07-16 10:37:06,1405.0,121451.0
2364,2021-07-16 10:37:05,1404.9,121427.0
2365,2021-07-16 10:37:03,1404.9,121408.0
2366,2021-07-16 10:36:59,1404.9,121396.0
2367,2021-07-16 10:36:55,1404.6,121387.0
2368,2021-07-16 10:36:51,1404.9,121364.0
2369,2021-07-16 10:36:47,1404.6,121355.0
2370,2021-07-16 10:36:42,1405.0,121331.0
2371,2021-07-16 10:36:38,1405.0,121313.0
2372,2021-07-16 10:36:36,1404.6,121302.0
2373,2021-07-16 10:36:34,1405.0,121275.0
2374,2021-07-16 10:36:32,1405.0,121257.0
2375,2021-07-16 10:36:30,1404.4,121201.0
2376,2021-07-16 10:36:28,1405.0,121198.0
2377,2021-07-16 10:36:25,1404.2,121110.0
2378,2021-07-16 10:36:24,1404.1,121098.0
2379,2021-07-16 10:36:21,1404.3,121022.0
2380,2021-07-16 10:36:19,1404.5,121014.0
2381,2021-07-16 10:36:12,1405.2,120961.0
2382,2021-07-16 10:36:09,1405.5,120945.0
2383,2021-07-16 10:36:07,1405.7,120873.0
2384,2021-07-16 10:36:05,1405.8,120843.0
2385,2021-07-16 10:35:59,1405.5,120765.0
2386,2021-07-16 10:35:55,1405.9,120666.0
2387,2021-07-16 10:35:49,1405.6,120522.0
2388,2021-07-16 10:35:45,1405.2,120413.0
2389,2021-07-16 10:35:39,1405.2,120370.0
2390,2021-07-16 10:35:37,1405.0,120358.0
2391,2021-07-16 10:35:35,1404.9,120255.0
2392,2021-07-16 10:35:31,1404.5,120156.0
2393,2021-07-16 10:35:27,1404.2,120119.0
2394,2021-07-16 10:35:23,1404.0,120107.0
2395,2021-07-16 10:35:17,1404.0,120070.0
2396,2021-07-16 10:35:13,1404.0,120012.0
2397,2021-07-16 10:35:09,1403.9,119978.0
2398,2021-07-16 10:35:07,1403.6,119970.0
2399,2021-07-16 10:35:05,1403.9,119966.0
2400,2021-07-16 10:35:02,1403.5,119951.0
2401,2021-07-16 10:35:01,1403.6,119944.0
2402,2021-07-16 10:34:54,1403.4,119915.0
2403,2021-07-16 10:34:51,1404.0,119894.0
2404,2021-07-16 10:34:47,1403.9,119872.0
2405,2021-07-16 10:34:43,1404.0,119837.0
2406,2021-07-16 10:34:39,1404.1,119816.0
2407,2021-07-16 10:34:35,1404.2,119789.0
2408,2021-07-16 10:34:33,1404.3,119783.0
2409,2021-07-16 10:34:32,1404.3,119774.0
2410,2021-07-16 10:34:30,1404.3,119770.0
2411,2021-07-16 10:34:28,1404.5,119762.0
2412,2021-07-16 10:34:23,1404.5,119734.0
2413,2021-07-16 10:34:21,1404.5,119726.0
2414,2021-07-16 10:34:19,1404.1,119689.0
2415,2021-07-16 10:34:16,1404.6,119662.0
2416,2021-07-16 10:34:13,1404.6,119645.0
2417,2021-07-16 10:34:09,1404.9,119571.0
2418,2021-07-16 10:34:05,1405.0,119499.0
2419,2021-07-16 10:33:59,1405.2,119386.0
2420,2021-07-16 10:33:55,1405.1,119341.0
2421,2021-07-16 10:33:49,1405.5,119303.0
2422,2021-07-16 10:33:47,1405.1,119277.0
2423,2021-07-16 10:33:45,1405.7,119259.0
2424,2021-07-16 10:33:42,1405.8,119237.0
2425,2021-07-16 10:33:41,1405.0,119194.0
2426,2021-07-16 10:33:38,1405.7,119003.0
2427,2021-07-16 10:33:37,1405.8,118976.0
2428,2021-07-16 10:33:35,1405.0,118892.0
2429,2021-07-16 10:33:32,1405.6,118884.0
2430,2021-07-16 10:33:31,1404.5,118804.0
2431,2021-07-16 10:33:29,1405.0,118696.0
2432,2021-07-16 10:33:27,1405.0,118680.0
2433,2021-07-16 10:33:25,1404.9,118555.0
2434,2021-07-16 10:33:23,1404.9,118553.0
2435,2021-07-16 10:33:21,1404.9,118543.0
2436,2021-07-16 10:33:19,1405.0,118433.0
2437,2021-07-16 10:33:17,1404.9,118414.0
2438,2021-07-16 10:33:15,1404.5,118384.0
2439,2021-07-16 10:33:12,1404.8,118233.0
2440,2021-07-16 10:33:11,1405.0,118173.0
2441,2021-07-16 10:33:09,1404.7,118004.0
2442,2021-07-16 10:33:06,1404.8,117949.0
2443,2021-07-16 10:33:04,1404.8,117909.0
2444,2021-07-16 10:33:02,1404.8,117861.0
2445,2021-07-16 10:33:00,1404.4,117847.0
2446,2021-07-16 10:32:59,1404.5,117800.0
2447,2021-07-16 10:32:57,1404.0,117666.0
2448,2021-07-16 10:32:55,1403.6,117645.0
2449,2021-07-16 10:32:52,1403.7,117611.0
2450,2021-07-16 10:32:51,1403.4,117584.0
2451,2021-07-16 10:32:48,1403.6,117576.0
2452,2021-07-16 10:32:46,1403.0,117539.0
2453,2021-07-16 10:32:43,1403.0,117487.0
2454,2021-07-16 10:32:39,1403.0,117478.0
2455,2021-07-16 10:32:35,1403.0,117475.0
2456,2021-07-16 10:32:31,1402.9,117454.0
2457,2021-07-16 10:32:25,1403.0,117323.0
2458,2021-07-16 10:32:23,1402.9,117318.0
2459,2021-07-16 10:32:21,1403.0,117317.0
2460,2021-07-16 10:32:19,1402.8,117316.0
2461,2021-07-16 10:32:17,1402.9,117307.0
2462,2021-07-16 10:32:15,1402.9,117305.0
2463,2021-07-16 10:32:13,1402.9,117298.0
2464,2021-07-16 10:32:11,1403.0,117293.0
