,Time,Price,Volume
0,2021-07-20 14:45:04,1405.0,358081.0
1,2021-07-20 14:30:01,1408.5,352257.0
2,2021-07-20 14:29:56,1408.9,352029.0
3,2021-07-20 14:29:51,1408.5,351866.0
4,2021-07-20 14:29:46,1408.2,351741.0
5,2021-07-20 14:29:41,1408.4,351578.0
6,2021-07-20 14:29:37,1408.9,351446.0
7,2021-07-20 14:29:32,1408.2,351307.0
8,2021-07-20 14:29:27,1408.9,351217.0
9,2021-07-20 14:29:21,1408.9,350934.0
10,2021-07-20 14:29:16,1408.2,350853.0
11,2021-07-20 14:29:05,1409.0,350230.0
12,2021-07-20 14:29:00,1408.5,350034.0
13,2021-07-20 14:28:54,1408.5,349984.0
14,2021-07-20 14:28:49,1408.5,349964.0
15,2021-07-20 14:28:43,1408.5,349483.0
16,2021-07-20 14:28:38,1408.6,349400.0
17,2021-07-20 14:28:32,1408.7,349353.0
18,2021-07-20 14:28:27,1408.6,349199.0
19,2021-07-20 14:28:22,1408.7,349186.0
20,2021-07-20 14:28:17,1408.0,349083.0
21,2021-07-20 14:28:12,1408.7,348917.0
22,2021-07-20 14:28:06,1408.1,348797.0
23,2021-07-20 14:28:00,1409.0,348587.0
24,2021-07-20 14:27:54,1408.5,348359.0
25,2021-07-20 14:27:49,1408.8,348253.0
26,2021-07-20 14:27:43,1408.0,348126.0
27,2021-07-20 14:27:37,1407.8,347985.0
28,2021-07-20 14:27:31,1408.1,347859.0
29,2021-07-20 14:27:26,1407.8,347757.0
30,2021-07-20 14:27:22,1407.7,347716.0
31,2021-07-20 14:27:17,1408.0,347592.0
32,2021-07-20 14:27:12,1407.5,347488.0
33,2021-07-20 14:27:08,1407.6,347356.0
34,2021-07-20 14:27:03,1407.8,347290.0
35,2021-07-20 14:26:58,1407.5,347109.0
36,2021-07-20 14:26:53,1408.5,346924.0
37,2021-07-20 14:26:48,1408.0,346748.0
38,2021-07-20 14:26:43,1408.0,346558.0
39,2021-07-20 14:26:38,1408.0,346441.0
40,2021-07-20 14:26:33,1408.0,346370.0
41,2021-07-20 14:26:28,1408.0,346148.0
42,2021-07-20 14:26:23,1408.1,346030.0
43,2021-07-20 14:26:19,1408.1,345874.0
44,2021-07-20 14:26:13,1408.1,345716.0
45,2021-07-20 14:26:08,1408.4,345591.0
46,2021-07-20 14:26:03,1408.1,345529.0
47,2021-07-20 14:25:59,1407.9,345436.0
48,2021-07-20 14:25:54,1407.9,345048.0
49,2021-07-20 14:25:49,1407.9,344883.0
50,2021-07-20 14:25:44,1407.9,344795.0
51,2021-07-20 14:25:40,1407.4,344682.0
52,2021-07-20 14:25:35,1407.4,344578.0
53,2021-07-20 14:25:31,1407.4,344497.0
54,2021-07-20 14:25:26,1407.9,344443.0
55,2021-07-20 14:25:21,1407.0,344306.0
56,2021-07-20 14:25:16,1406.2,344134.0
57,2021-07-20 14:25:11,1407.8,344073.0
58,2021-07-20 14:25:02,1406.2,343654.0
59,2021-07-20 14:24:57,1406.2,343599.0
60,2021-07-20 14:24:52,1406.2,343541.0
61,2021-07-20 14:24:47,1405.4,343412.0
62,2021-07-20 14:24:42,1405.4,343381.0
63,2021-07-20 14:24:37,1406.0,343178.0
64,2021-07-20 14:24:32,1405.2,343000.0
65,2021-07-20 14:24:27,1406.0,342815.0
66,2021-07-20 14:24:22,1405.2,342726.0
67,2021-07-20 14:24:17,1405.5,342627.0
68,2021-07-20 14:24:11,1405.3,342610.0
69,2021-07-20 14:24:06,1405.3,342301.0
70,2021-07-20 14:24:01,1405.3,342027.0
71,2021-07-20 14:23:56,1405.2,341787.0
72,2021-07-20 14:23:51,1405.3,341664.0
73,2021-07-20 14:23:46,1405.3,341551.0
74,2021-07-20 14:23:40,1405.0,341250.0
75,2021-07-20 14:23:35,1404.8,341000.0
76,2021-07-20 14:23:30,1404.4,340860.0
77,2021-07-20 14:23:25,1403.1,340480.0
78,2021-07-20 14:23:20,1403.0,340448.0
79,2021-07-20 14:23:16,1403.0,340355.0
80,2021-07-20 14:23:11,1402.8,340222.0
81,2021-07-20 14:23:05,1402.9,340177.0
82,2021-07-20 14:22:59,1402.5,340106.0
83,2021-07-20 14:22:54,1402.1,339970.0
84,2021-07-20 14:22:48,1401.7,339884.0
85,2021-07-20 14:22:38,1401.5,339799.0
86,2021-07-20 14:22:34,1402.0,339679.0
87,2021-07-20 14:22:29,1402.1,339571.0
88,2021-07-20 14:22:24,1402.5,339407.0
89,2021-07-20 14:22:19,1402.7,339336.0
90,2021-07-20 14:22:13,1403.0,339200.0
91,2021-07-20 14:22:08,1403.0,339179.0
92,2021-07-20 14:22:02,1403.2,339101.0
93,2021-07-20 14:21:57,1403.0,338985.0
94,2021-07-20 14:21:52,1403.0,338857.0
95,2021-07-20 14:21:47,1403.0,338588.0
96,2021-07-20 14:21:42,1403.3,338403.0
97,2021-07-20 14:21:37,1403.4,338244.0
98,2021-07-20 14:21:32,1403.0,338124.0
99,2021-07-20 14:21:27,1403.0,337990.0
100,2021-07-20 14:21:22,1402.5,337743.0
101,2021-07-20 14:21:16,1402.6,337688.0
102,2021-07-20 14:21:12,1402.5,337579.0
103,2021-07-20 14:21:06,1401.4,337380.0
104,2021-07-20 14:21:02,1401.5,337241.0
105,2021-07-20 14:20:57,1401.4,336999.0
106,2021-07-20 14:20:52,1401.2,336942.0
107,2021-07-20 14:20:47,1401.2,336883.0
108,2021-07-20 14:20:42,1400.2,336846.0
109,2021-07-20 14:20:37,1401.2,336725.0
110,2021-07-20 14:20:32,1400.8,336526.0
111,2021-07-20 14:20:28,1400.8,336410.0
112,2021-07-20 14:20:23,1400.8,336200.0
113,2021-07-20 14:20:19,1401.2,336069.0
114,2021-07-20 14:20:14,1401.2,335956.0
115,2021-07-20 14:20:10,1402.1,335694.0
116,2021-07-20 14:20:05,1402.5,335346.0
117,2021-07-20 14:20:00,1402.6,335256.0
118,2021-07-20 14:19:55,1402.5,335043.0
119,2021-07-20 14:19:51,1402.1,334810.0
120,2021-07-20 14:19:46,1402.7,334669.0
121,2021-07-20 14:19:42,1402.7,334339.0
122,2021-07-20 14:19:37,1402.0,334130.0
123,2021-07-20 14:19:33,1401.6,333801.0
124,2021-07-20 14:19:23,1401.6,333385.0
125,2021-07-20 14:19:18,1401.0,332633.0
126,2021-07-20 14:19:12,1400.8,332355.0
127,2021-07-20 14:19:07,1400.0,332205.0
128,2021-07-20 14:19:01,1400.0,332135.0
129,2021-07-20 14:18:52,1399.5,331253.0
130,2021-07-20 14:18:41,1399.2,331054.0
131,2021-07-20 14:18:37,1399.5,330939.0
132,2021-07-20 14:18:32,1398.4,330571.0
133,2021-07-20 14:18:27,1398.0,330401.0
134,2021-07-20 14:18:18,1397.9,330212.0
135,2021-07-20 14:18:13,1397.8,329952.0
136,2021-07-20 14:18:08,1397.9,329793.0
137,2021-07-20 14:18:03,1397.8,329609.0
138,2021-07-20 14:17:57,1397.3,329468.0
139,2021-07-20 14:17:52,1396.2,328990.0
140,2021-07-20 14:17:47,1395.8,328910.0
141,2021-07-20 14:17:42,1395.0,328454.0
142,2021-07-20 14:17:33,1394.2,328248.0
143,2021-07-20 14:17:29,1394.1,328098.0
144,2021-07-20 14:17:24,1394.0,328021.0
145,2021-07-20 14:17:19,1394.0,327956.0
146,2021-07-20 14:17:14,1394.0,327890.0
147,2021-07-20 14:17:10,1394.0,327666.0
148,2021-07-20 14:17:04,1394.1,327559.0
149,2021-07-20 14:16:59,1394.2,327458.0
150,2021-07-20 14:16:55,1395.0,327398.0
151,2021-07-20 14:16:50,1394.4,327355.0
152,2021-07-20 14:16:46,1394.8,327323.0
153,2021-07-20 14:16:41,1394.3,327309.0
154,2021-07-20 14:16:36,1395.0,327247.0
155,2021-07-20 14:16:32,1394.8,327210.0
156,2021-07-20 14:16:27,1395.0,327157.0
157,2021-07-20 14:16:23,1395.2,327074.0
158,2021-07-20 14:16:18,1395.9,327028.0
159,2021-07-20 14:16:13,1395.2,326653.0
160,2021-07-20 14:16:08,1395.7,326603.0
161,2021-07-20 14:16:03,1394.8,326520.0
162,2021-07-20 14:15:58,1394.6,326213.0
163,2021-07-20 14:15:54,1394.4,326101.0
164,2021-07-20 14:15:49,1394.6,326059.0
165,2021-07-20 14:15:44,1394.8,326033.0
166,2021-07-20 14:15:40,1395.2,325875.0
167,2021-07-20 14:15:35,1395.4,325807.0
168,2021-07-20 14:15:29,1395.7,325735.0
169,2021-07-20 14:15:25,1395.7,325644.0
170,2021-07-20 14:15:20,1396.0,325537.0
171,2021-07-20 14:15:14,1396.1,325476.0
172,2021-07-20 14:15:10,1396.5,325265.0
173,2021-07-20 14:15:05,1396.8,325238.0
174,2021-07-20 14:15:00,1397.3,325018.0
175,2021-07-20 14:14:55,1397.5,324956.0
176,2021-07-20 14:14:51,1397.7,324806.0
177,2021-07-20 14:14:46,1398.0,324760.0
178,2021-07-20 14:14:41,1398.0,324676.0
179,2021-07-20 14:14:35,1396.5,324520.0
180,2021-07-20 14:14:30,1396.8,324490.0
181,2021-07-20 14:14:25,1396.2,324380.0
182,2021-07-20 14:14:21,1395.9,324328.0
183,2021-07-20 14:14:17,1395.5,324223.0
184,2021-07-20 14:14:12,1395.1,324041.0
185,2021-07-20 14:14:08,1395.2,324027.0
186,2021-07-20 14:14:04,1394.3,323901.0
187,2021-07-20 14:13:59,1395.0,323682.0
188,2021-07-20 14:13:55,1394.1,323584.0
189,2021-07-20 14:13:50,1394.0,323413.0
190,2021-07-20 14:13:46,1393.6,323228.0
191,2021-07-20 14:13:42,1395.0,323113.0
192,2021-07-20 14:13:37,1394.5,322931.0
193,2021-07-20 14:13:33,1394.5,322843.0
194,2021-07-20 14:13:28,1395.6,322466.0
195,2021-07-20 14:13:23,1395.6,322402.0
196,2021-07-20 14:13:19,1396.0,322266.0
197,2021-07-20 14:13:15,1396.1,322223.0
198,2021-07-20 14:13:11,1396.5,322188.0
199,2021-07-20 14:13:06,1396.5,322175.0
200,2021-07-20 14:13:01,1396.6,322089.0
201,2021-07-20 14:12:56,1396.5,322069.0
202,2021-07-20 14:12:52,1397.4,321957.0
203,2021-07-20 14:12:46,1397.0,321937.0
204,2021-07-20 14:12:41,1397.2,321799.0
205,2021-07-20 14:12:36,1397.2,321782.0
206,2021-07-20 14:12:32,1397.2,321700.0
207,2021-07-20 14:12:27,1397.2,321653.0
208,2021-07-20 14:12:18,1397.2,321482.0
209,2021-07-20 14:12:14,1397.2,321419.0
210,2021-07-20 14:12:09,1397.2,321379.0
211,2021-07-20 14:12:05,1397.1,321370.0
212,2021-07-20 14:12:00,1397.1,321312.0
213,2021-07-20 14:11:55,1397.1,321205.0
214,2021-07-20 14:11:51,1397.7,321138.0
215,2021-07-20 14:11:47,1397.1,321075.0
216,2021-07-20 14:11:42,1398.4,320985.0
217,2021-07-20 14:11:38,1398.7,320932.0
218,2021-07-20 14:11:34,1398.9,320894.0
219,2021-07-20 14:11:29,1399.0,320728.0
220,2021-07-20 14:11:25,1398.8,320635.0
221,2021-07-20 14:11:21,1399.0,320409.0
222,2021-07-20 14:11:16,1399.9,320181.0
223,2021-07-20 14:11:06,1399.4,319776.0
224,2021-07-20 14:11:02,1399.0,319669.0
225,2021-07-20 14:10:57,1399.7,319281.0
226,2021-07-20 14:10:49,1399.2,318638.0
227,2021-07-20 14:10:40,1399.5,318332.0
228,2021-07-20 14:10:36,1399.0,318226.0
229,2021-07-20 14:10:31,1399.0,318116.0
230,2021-07-20 14:10:27,1398.0,317770.0
231,2021-07-20 14:10:22,1397.8,317668.0
232,2021-07-20 14:10:18,1397.4,317456.0
233,2021-07-20 14:10:09,1396.2,317299.0
234,2021-07-20 14:10:05,1396.5,317281.0
235,2021-07-20 14:10:00,1396.3,317262.0
236,2021-07-20 14:09:56,1396.3,317216.0
237,2021-07-20 14:09:52,1396.3,317155.0
238,2021-07-20 14:09:48,1396.1,317006.0
239,2021-07-20 14:09:43,1396.3,316950.0
240,2021-07-20 14:09:39,1396.6,316918.0
241,2021-07-20 14:09:34,1396.5,316821.0
242,2021-07-20 14:09:30,1396.7,316783.0
243,2021-07-20 14:09:26,1395.9,316715.0
244,2021-07-20 14:09:21,1395.8,316616.0
245,2021-07-20 14:09:16,1395.2,316402.0
246,2021-07-20 14:09:11,1395.0,316116.0
247,2021-07-20 14:09:07,1394.9,315985.0
248,2021-07-20 14:09:02,1394.8,315915.0
249,2021-07-20 14:08:58,1394.0,315823.0
250,2021-07-20 14:08:54,1393.7,315692.0
251,2021-07-20 14:08:49,1393.7,315602.0
252,2021-07-20 14:08:44,1393.7,315443.0
253,2021-07-20 14:08:40,1393.9,315343.0
254,2021-07-20 14:08:36,1394.0,315216.0
255,2021-07-20 14:08:31,1394.0,315056.0
256,2021-07-20 14:08:26,1394.8,314987.0
257,2021-07-20 14:08:22,1395.4,314921.0
258,2021-07-20 14:08:17,1395.8,314731.0
259,2021-07-20 14:08:13,1396.0,314683.0
260,2021-07-20 14:08:07,1396.1,314604.0
261,2021-07-20 14:08:03,1396.9,314450.0
262,2021-07-20 14:07:58,1396.1,314392.0
263,2021-07-20 14:07:54,1397.0,314316.0
264,2021-07-20 14:07:50,1396.1,314259.0
265,2021-07-20 14:07:44,1397.0,314192.0
266,2021-07-20 14:07:39,1397.0,313971.0
267,2021-07-20 14:07:34,1397.0,313933.0
268,2021-07-20 14:07:30,1397.5,313898.0
269,2021-07-20 14:07:25,1397.5,313863.0
270,2021-07-20 14:07:21,1397.5,313816.0
271,2021-07-20 14:07:16,1396.7,313686.0
272,2021-07-20 14:07:11,1397.0,313620.0
273,2021-07-20 14:07:06,1397.2,313507.0
274,2021-07-20 14:07:02,1397.5,313449.0
275,2021-07-20 14:06:58,1397.2,313381.0
276,2021-07-20 14:06:54,1397.0,313331.0
277,2021-07-20 14:06:49,1396.5,313253.0
278,2021-07-20 14:06:44,1397.5,313124.0
279,2021-07-20 14:06:39,1397.2,313067.0
280,2021-07-20 14:06:34,1397.0,312995.0
281,2021-07-20 14:06:29,1396.1,312937.0
282,2021-07-20 14:06:23,1397.7,312747.0
283,2021-07-20 14:06:14,1397.4,312672.0
284,2021-07-20 14:06:09,1397.9,312536.0
285,2021-07-20 14:06:05,1398.2,312445.0
286,2021-07-20 14:06:00,1398.5,312292.0
287,2021-07-20 14:05:56,1398.3,312008.0
288,2021-07-20 14:05:52,1398.2,311919.0
289,2021-07-20 14:05:47,1398.2,311582.0
290,2021-07-20 14:05:43,1398.0,311268.0
291,2021-07-20 14:05:39,1398.0,311111.0
292,2021-07-20 14:05:34,1397.5,310970.0
293,2021-07-20 14:05:30,1396.5,310698.0
294,2021-07-20 14:05:25,1395.6,310610.0
295,2021-07-20 14:05:20,1395.5,310498.0
296,2021-07-20 14:05:15,1395.0,310437.0
297,2021-07-20 14:05:10,1395.1,310420.0
298,2021-07-20 14:05:05,1395.0,310304.0
299,2021-07-20 14:05:01,1395.0,310257.0
300,2021-07-20 14:04:55,1395.2,310142.0
301,2021-07-20 14:04:50,1395.2,310073.0
302,2021-07-20 14:04:46,1395.0,309990.0
303,2021-07-20 14:04:37,1395.4,309941.0
304,2021-07-20 14:04:32,1395.0,309870.0
305,2021-07-20 14:04:28,1395.5,309752.0
306,2021-07-20 14:04:23,1395.4,309729.0
307,2021-07-20 14:04:18,1395.4,309696.0
308,2021-07-20 14:04:10,1395.3,309618.0
309,2021-07-20 14:04:04,1395.4,309548.0
310,2021-07-20 14:04:00,1395.7,309474.0
311,2021-07-20 14:03:55,1395.0,309406.0
312,2021-07-20 14:03:51,1394.3,309214.0
313,2021-07-20 14:03:47,1394.9,309140.0
314,2021-07-20 14:03:42,1394.0,309031.0
315,2021-07-20 14:03:38,1394.3,308866.0
316,2021-07-20 14:03:33,1394.0,308704.0
317,2021-07-20 14:03:28,1394.3,308507.0
318,2021-07-20 14:03:23,1394.0,308383.0
319,2021-07-20 14:03:19,1394.3,308144.0
320,2021-07-20 14:03:11,1395.0,307895.0
321,2021-07-20 14:03:07,1395.0,307802.0
322,2021-07-20 14:03:02,1395.2,307745.0
323,2021-07-20 14:02:57,1395.5,307666.0
324,2021-07-20 14:02:53,1395.2,307539.0
325,2021-07-20 14:02:49,1395.5,307428.0
326,2021-07-20 14:02:44,1395.5,307147.0
327,2021-07-20 14:02:39,1395.5,306996.0
328,2021-07-20 14:02:35,1396.4,306853.0
329,2021-07-20 14:02:30,1396.4,306776.0
330,2021-07-20 14:02:26,1396.6,306584.0
331,2021-07-20 14:02:22,1396.9,306507.0
332,2021-07-20 14:02:18,1396.8,306437.0
333,2021-07-20 14:02:13,1397.0,306322.0
334,2021-07-20 14:02:09,1396.8,306248.0
335,2021-07-20 14:02:05,1396.6,306201.0
336,2021-07-20 14:02:01,1396.6,306112.0
337,2021-07-20 14:01:57,1396.6,306062.0
338,2021-07-20 14:01:52,1396.0,305988.0
339,2021-07-20 14:01:48,1395.9,305908.0
340,2021-07-20 14:01:44,1396.0,305727.0
341,2021-07-20 14:01:39,1395.5,305587.0
342,2021-07-20 14:01:34,1396.0,305451.0
343,2021-07-20 14:01:30,1395.2,305393.0
344,2021-07-20 14:01:26,1395.5,305173.0
345,2021-07-20 14:01:22,1396.0,305049.0
346,2021-07-20 14:01:17,1396.0,304912.0
347,2021-07-20 14:01:12,1395.3,304858.0
348,2021-07-20 14:01:04,1396.1,304376.0
349,2021-07-20 14:01:00,1395.5,304039.0
350,2021-07-20 14:00:50,1395.8,303868.0
351,2021-07-20 14:00:46,1395.5,303704.0
352,2021-07-20 14:00:42,1396.0,303575.0
353,2021-07-20 14:00:37,1396.0,303555.0
354,2021-07-20 14:00:32,1396.1,303417.0
355,2021-07-20 14:00:28,1396.0,303240.0
356,2021-07-20 14:00:20,1397.0,303042.0
357,2021-07-20 14:00:16,1396.2,302863.0
358,2021-07-20 14:00:12,1397.6,302787.0
359,2021-07-20 14:00:07,1397.0,302755.0
360,2021-07-20 14:00:02,1398.0,302268.0
361,2021-07-20 13:59:57,1397.7,302128.0
362,2021-07-20 13:59:48,1398.5,301730.0
363,2021-07-20 13:59:44,1398.5,301545.0
364,2021-07-20 13:59:39,1398.8,301347.0
365,2021-07-20 13:59:34,1398.5,301280.0
366,2021-07-20 13:59:30,1398.2,301110.0
367,2021-07-20 13:59:21,1398.4,300958.0
368,2021-07-20 13:59:17,1397.5,300885.0
369,2021-07-20 13:59:12,1397.5,300206.0
370,2021-07-20 13:59:03,1397.7,299989.0
371,2021-07-20 13:59:00,1397.5,299693.0
372,2021-07-20 13:58:51,1397.7,299315.0
373,2021-07-20 13:58:47,1397.3,299159.0
374,2021-07-20 13:58:38,1397.3,298535.0
375,2021-07-20 13:58:34,1397.3,297934.0
376,2021-07-20 13:58:30,1397.4,297584.0
377,2021-07-20 13:58:21,1397.3,297308.0
378,2021-07-20 13:58:16,1397.0,296705.0
379,2021-07-20 13:58:12,1397.0,296616.0
380,2021-07-20 13:58:08,1396.2,295872.0
381,2021-07-20 13:58:03,1396.4,295685.0
382,2021-07-20 13:57:59,1395.4,295485.0
383,2021-07-20 13:57:54,1395.4,295046.0
384,2021-07-20 13:57:49,1394.6,294626.0
385,2021-07-20 13:57:45,1394.1,294385.0
386,2021-07-20 13:57:40,1394.5,294232.0
387,2021-07-20 13:57:36,1394.1,294118.0
388,2021-07-20 13:57:31,1394.2,293993.0
389,2021-07-20 13:57:26,1394.0,293791.0
390,2021-07-20 13:57:22,1394.5,293478.0
391,2021-07-20 13:57:18,1395.0,293217.0
392,2021-07-20 13:57:14,1395.2,292789.0
393,2021-07-20 13:57:09,1395.0,292537.0
394,2021-07-20 13:57:05,1395.5,292150.0
395,2021-07-20 13:57:00,1395.0,291784.0
396,2021-07-20 13:56:56,1394.9,291444.0
397,2021-07-20 13:56:52,1395.0,291169.0
398,2021-07-20 13:56:48,1394.9,290838.0
399,2021-07-20 13:56:43,1394.0,290501.0
400,2021-07-20 13:56:39,1393.0,290193.0
401,2021-07-20 13:56:34,1392.6,289718.0
402,2021-07-20 13:56:29,1391.4,289474.0
403,2021-07-20 13:56:24,1391.4,289337.0
404,2021-07-20 13:56:20,1390.2,289142.0
405,2021-07-20 13:56:16,1389.9,288896.0
406,2021-07-20 13:56:12,1390.0,288806.0
407,2021-07-20 13:56:08,1389.4,288626.0
408,2021-07-20 13:56:04,1389.9,288574.0
409,2021-07-20 13:56:00,1389.5,288411.0
410,2021-07-20 13:55:56,1389.4,288196.0
411,2021-07-20 13:55:51,1390.0,288024.0
412,2021-07-20 13:55:47,1389.5,287960.0
413,2021-07-20 13:55:42,1388.4,287787.0
414,2021-07-20 13:55:38,1388.8,287621.0
415,2021-07-20 13:55:34,1388.4,287372.0
416,2021-07-20 13:55:30,1388.5,287234.0
417,2021-07-20 13:55:25,1388.5,287160.0
418,2021-07-20 13:55:21,1388.4,287111.0
419,2021-07-20 13:55:17,1387.2,286989.0
420,2021-07-20 13:55:13,1387.7,286925.0
421,2021-07-20 13:55:09,1387.1,286847.0
422,2021-07-20 13:55:04,1387.1,286760.0
423,2021-07-20 13:54:59,1387.7,286670.0
424,2021-07-20 13:54:56,1387.0,286508.0
425,2021-07-20 13:54:52,1386.8,286416.0
426,2021-07-20 13:54:48,1386.9,286377.0
427,2021-07-20 13:54:43,1386.8,286335.0
428,2021-07-20 13:54:39,1386.8,286327.0
429,2021-07-20 13:54:35,1386.3,286233.0
430,2021-07-20 13:54:31,1386.0,286160.0
431,2021-07-20 13:54:23,1385.9,286001.0
432,2021-07-20 13:54:19,1385.7,285696.0
433,2021-07-20 13:54:11,1385.9,285582.0
434,2021-07-20 13:54:07,1385.7,285386.0
435,2021-07-20 13:54:03,1385.8,285296.0
436,2021-07-20 13:53:59,1385.7,285274.0
437,2021-07-20 13:53:55,1385.9,285238.0
438,2021-07-20 13:53:50,1386.0,285017.0
439,2021-07-20 13:53:46,1386.2,284753.0
440,2021-07-20 13:53:41,1386.6,284572.0
441,2021-07-20 13:53:37,1386.6,284515.0
442,2021-07-20 13:53:33,1386.8,284423.0
443,2021-07-20 13:53:29,1387.1,284355.0
444,2021-07-20 13:53:24,1387.3,284200.0
445,2021-07-20 13:53:19,1387.6,284072.0
446,2021-07-20 13:53:14,1387.6,284027.0
447,2021-07-20 13:53:10,1387.5,283984.0
448,2021-07-20 13:53:06,1387.7,283970.0
449,2021-07-20 13:53:02,1387.8,283926.0
450,2021-07-20 13:52:58,1387.8,283861.0
451,2021-07-20 13:52:50,1387.2,283716.0
452,2021-07-20 13:52:46,1387.6,283624.0
453,2021-07-20 13:52:42,1387.0,283531.0
454,2021-07-20 13:52:33,1387.2,283459.0
455,2021-07-20 13:52:29,1387.0,283403.0
456,2021-07-20 13:52:25,1387.0,283297.0
457,2021-07-20 13:52:21,1387.6,283209.0
458,2021-07-20 13:52:16,1387.1,283088.0
459,2021-07-20 13:52:12,1388.0,283018.0
460,2021-07-20 13:52:08,1388.4,282979.0
461,2021-07-20 13:52:04,1388.8,282957.0
462,2021-07-20 13:51:59,1388.8,282907.0
463,2021-07-20 13:51:55,1389.0,282844.0
464,2021-07-20 13:51:51,1389.0,282770.0
465,2021-07-20 13:51:47,1388.9,282727.0
466,2021-07-20 13:51:43,1388.9,282614.0
467,2021-07-20 13:51:39,1389.4,282525.0
468,2021-07-20 13:51:35,1389.2,282414.0
469,2021-07-20 13:51:31,1389.0,282388.0
470,2021-07-20 13:51:26,1388.9,282288.0
471,2021-07-20 13:51:22,1388.7,282206.0
472,2021-07-20 13:51:18,1388.2,282100.0
473,2021-07-20 13:51:13,1388.2,282060.0
474,2021-07-20 13:51:09,1387.8,281893.0
475,2021-07-20 13:51:05,1387.8,281809.0
476,2021-07-20 13:51:01,1387.8,281783.0
477,2021-07-20 13:50:53,1388.6,281760.0
478,2021-07-20 13:50:49,1388.6,281646.0
479,2021-07-20 13:50:45,1388.6,281613.0
480,2021-07-20 13:50:41,1388.7,281518.0
481,2021-07-20 13:50:36,1389.0,281393.0
482,2021-07-20 13:50:33,1389.0,281303.0
483,2021-07-20 13:50:29,1389.4,281235.0
484,2021-07-20 13:50:25,1389.7,281165.0
485,2021-07-20 13:50:21,1389.7,281097.0
486,2021-07-20 13:50:17,1390.0,280919.0
487,2021-07-20 13:50:13,1390.0,280664.0
488,2021-07-20 13:50:09,1389.7,280499.0
489,2021-07-20 13:50:05,1390.0,280220.0
490,2021-07-20 13:50:01,1389.9,280023.0
491,2021-07-20 13:49:57,1389.0,279964.0
492,2021-07-20 13:49:53,1389.0,279865.0
493,2021-07-20 13:49:49,1388.8,279713.0
494,2021-07-20 13:49:44,1388.9,279560.0
495,2021-07-20 13:49:41,1388.8,279504.0
496,2021-07-20 13:49:36,1387.7,279340.0
497,2021-07-20 13:49:32,1387.6,279238.0
498,2021-07-20 13:49:28,1387.5,279151.0
499,2021-07-20 13:49:24,1387.6,279070.0
500,2021-07-20 13:49:20,1387.3,279019.0
501,2021-07-20 13:49:16,1387.7,278831.0
502,2021-07-20 13:49:11,1387.4,278758.0
503,2021-07-20 13:49:03,1387.4,278684.0
504,2021-07-20 13:48:59,1387.9,278617.0
505,2021-07-20 13:48:55,1387.0,278484.0
506,2021-07-20 13:48:50,1386.8,278299.0
507,2021-07-20 13:48:46,1386.3,278232.0
508,2021-07-20 13:48:42,1386.1,278088.0
509,2021-07-20 13:48:34,1386.0,278018.0
510,2021-07-20 13:48:30,1386.7,277944.0
511,2021-07-20 13:48:26,1385.3,277521.0
512,2021-07-20 13:48:18,1385.4,277237.0
513,2021-07-20 13:48:14,1385.2,277084.0
514,2021-07-20 13:48:10,1385.4,276995.0
515,2021-07-20 13:48:06,1385.4,276962.0
516,2021-07-20 13:48:02,1385.4,276868.0
517,2021-07-20 13:47:57,1385.8,276721.0
518,2021-07-20 13:47:53,1386.0,276613.0
519,2021-07-20 13:47:49,1386.4,276343.0
520,2021-07-20 13:47:45,1386.3,276300.0
521,2021-07-20 13:47:41,1386.8,276181.0
522,2021-07-20 13:47:37,1386.7,276092.0
523,2021-07-20 13:47:33,1387.5,275939.0
524,2021-07-20 13:47:29,1387.6,275858.0
525,2021-07-20 13:47:25,1387.5,275687.0
526,2021-07-20 13:47:21,1387.6,275474.0
527,2021-07-20 13:47:17,1387.0,275430.0
528,2021-07-20 13:47:13,1387.0,275260.0
529,2021-07-20 13:47:04,1386.7,275151.0
530,2021-07-20 13:47:00,1386.7,275005.0
531,2021-07-20 13:46:56,1386.7,274508.0
532,2021-07-20 13:46:47,1386.2,274100.0
533,2021-07-20 13:46:39,1386.0,273829.0
534,2021-07-20 13:46:31,1386.0,273568.0
535,2021-07-20 13:46:27,1386.0,273460.0
536,2021-07-20 13:46:19,1386.0,273046.0
537,2021-07-20 13:46:12,1386.3,272631.0
538,2021-07-20 13:46:08,1386.7,272546.0
539,2021-07-20 13:46:04,1387.2,272296.0
540,2021-07-20 13:46:00,1387.2,272149.0
541,2021-07-20 13:45:56,1387.2,271884.0
542,2021-07-20 13:45:52,1388.0,271705.0
543,2021-07-20 13:45:48,1387.8,271646.0
544,2021-07-20 13:45:44,1388.0,271494.0
545,2021-07-20 13:45:40,1389.0,271378.0
546,2021-07-20 13:45:36,1389.3,271224.0
547,2021-07-20 13:45:33,1389.5,271106.0
548,2021-07-20 13:45:29,1389.5,271046.0
549,2021-07-20 13:45:25,1390.0,270858.0
550,2021-07-20 13:45:21,1389.4,270443.0
551,2021-07-20 13:45:16,1390.0,270210.0
552,2021-07-20 13:45:12,1390.0,269763.0
553,2021-07-20 13:45:07,1390.5,269657.0
554,2021-07-20 13:44:59,1390.7,269339.0
555,2021-07-20 13:44:55,1391.0,269127.0
556,2021-07-20 13:44:48,1391.0,268963.0
557,2021-07-20 13:44:44,1391.1,268892.0
558,2021-07-20 13:44:40,1391.1,268824.0
559,2021-07-20 13:44:35,1392.0,268764.0
560,2021-07-20 13:44:31,1392.0,268555.0
561,2021-07-20 13:44:27,1391.4,268134.0
562,2021-07-20 13:44:23,1392.0,267676.0
563,2021-07-20 13:44:19,1392.3,267450.0
564,2021-07-20 13:44:15,1392.3,267350.0
565,2021-07-20 13:44:10,1392.4,267088.0
566,2021-07-20 13:44:06,1392.4,266876.0
567,2021-07-20 13:44:01,1391.8,266620.0
568,2021-07-20 13:43:57,1391.9,266412.0
569,2021-07-20 13:43:52,1391.6,266312.0
570,2021-07-20 13:43:49,1390.8,266253.0
571,2021-07-20 13:43:45,1390.5,266061.0
572,2021-07-20 13:43:41,1390.0,265903.0
573,2021-07-20 13:43:38,1389.5,265782.0
574,2021-07-20 13:43:33,1389.5,265592.0
575,2021-07-20 13:43:30,1389.5,265470.0
576,2021-07-20 13:43:25,1389.2,265378.0
577,2021-07-20 13:43:20,1388.9,265281.0
578,2021-07-20 13:43:15,1388.9,265022.0
579,2021-07-20 13:43:11,1388.8,264917.0
580,2021-07-20 13:43:08,1388.1,264737.0
581,2021-07-20 13:43:04,1388.0,264430.0
582,2021-07-20 13:43:00,1388.0,264276.0
583,2021-07-20 13:42:53,1388.1,263603.0
584,2021-07-20 13:42:45,1388.0,263267.0
585,2021-07-20 13:42:38,1389.0,263056.0
586,2021-07-20 13:42:34,1389.2,262923.0
587,2021-07-20 13:42:30,1389.2,262833.0
588,2021-07-20 13:42:25,1389.6,262162.0
589,2021-07-20 13:42:17,1389.8,261865.0
590,2021-07-20 13:42:09,1389.7,261644.0
591,2021-07-20 13:42:05,1389.2,261415.0
592,2021-07-20 13:42:02,1389.2,261107.0
593,2021-07-20 13:41:58,1389.2,261032.0
594,2021-07-20 13:41:54,1389.0,260643.0
595,2021-07-20 13:41:49,1388.9,260489.0
596,2021-07-20 13:41:46,1388.6,260338.0
597,2021-07-20 13:41:42,1388.2,260109.0
598,2021-07-20 13:41:37,1388.0,259764.0
599,2021-07-20 13:41:34,1388.0,259497.0
600,2021-07-20 13:41:29,1388.0,259174.0
601,2021-07-20 13:41:25,1387.9,258938.0
602,2021-07-20 13:41:20,1388.0,258476.0
603,2021-07-20 13:41:16,1387.8,258049.0
604,2021-07-20 13:41:07,1386.9,257361.0
605,2021-07-20 13:41:00,1385.9,257231.0
606,2021-07-20 13:40:56,1385.5,257124.0
607,2021-07-20 13:40:52,1385.5,257088.0
608,2021-07-20 13:40:48,1385.5,256604.0
609,2021-07-20 13:40:43,1385.4,256341.0
610,2021-07-20 13:40:35,1385.5,256010.0
611,2021-07-20 13:40:28,1385.0,255452.0
612,2021-07-20 13:40:21,1384.4,254851.0
613,2021-07-20 13:40:17,1384.4,254782.0
614,2021-07-20 13:40:13,1383.5,254484.0
615,2021-07-20 13:40:09,1383.6,254411.0
616,2021-07-20 13:40:05,1382.5,253972.0
617,2021-07-20 13:40:01,1382.6,253899.0
618,2021-07-20 13:39:58,1382.2,253822.0
619,2021-07-20 13:39:54,1381.9,253729.0
620,2021-07-20 13:39:50,1381.6,253611.0
621,2021-07-20 13:39:46,1381.3,253445.0
622,2021-07-20 13:39:42,1381.2,253314.0
623,2021-07-20 13:39:38,1382.0,253239.0
624,2021-07-20 13:39:34,1381.1,252916.0
625,2021-07-20 13:39:30,1382.0,252794.0
626,2021-07-20 13:39:26,1381.6,252701.0
627,2021-07-20 13:39:23,1382.0,252639.0
628,2021-07-20 13:39:19,1382.0,252522.0
629,2021-07-20 13:39:15,1382.0,252385.0
630,2021-07-20 13:39:11,1382.0,252285.0
631,2021-07-20 13:39:08,1382.3,251942.0
632,2021-07-20 13:39:04,1382.0,251873.0
633,2021-07-20 13:39:00,1382.3,251729.0
634,2021-07-20 13:38:56,1382.0,251267.0
635,2021-07-20 13:38:52,1382.3,251221.0
636,2021-07-20 13:38:48,1382.0,251039.0
637,2021-07-20 13:38:44,1381.7,250887.0
638,2021-07-20 13:38:40,1382.3,250712.0
639,2021-07-20 13:38:36,1380.3,250258.0
640,2021-07-20 13:38:33,1380.5,250162.0
641,2021-07-20 13:38:29,1380.3,250054.0
642,2021-07-20 13:38:25,1380.0,249870.0
643,2021-07-20 13:38:21,1379.9,249634.0
644,2021-07-20 13:38:17,1379.6,249578.0
645,2021-07-20 13:38:12,1379.3,249396.0
646,2021-07-20 13:38:08,1379.3,249043.0
647,2021-07-20 13:38:04,1379.3,248962.0
648,2021-07-20 13:38:00,1379.2,248753.0
649,2021-07-20 13:37:55,1380.0,248600.0
650,2021-07-20 13:37:51,1380.2,248411.0
651,2021-07-20 13:37:47,1380.7,248204.0
652,2021-07-20 13:37:44,1380.2,248125.0
653,2021-07-20 13:37:40,1380.2,247854.0
654,2021-07-20 13:37:37,1380.4,247716.0
655,2021-07-20 13:37:34,1380.2,247309.0
656,2021-07-20 13:37:30,1380.2,247030.0
657,2021-07-20 13:37:26,1379.0,246504.0
658,2021-07-20 13:37:22,1378.9,246281.0
659,2021-07-20 13:37:19,1378.1,246100.0
660,2021-07-20 13:37:15,1378.1,245915.0
661,2021-07-20 13:37:11,1378.1,245779.0
662,2021-07-20 13:37:08,1377.5,245339.0
663,2021-07-20 13:37:04,1377.5,245270.0
664,2021-07-20 13:37:01,1377.1,245135.0
665,2021-07-20 13:36:57,1377.0,245102.0
666,2021-07-20 13:36:50,1376.9,244832.0
667,2021-07-20 13:36:42,1376.8,244680.0
668,2021-07-20 13:36:34,1377.0,244526.0
669,2021-07-20 13:36:31,1376.5,244439.0
670,2021-07-20 13:36:27,1376.3,244276.0
671,2021-07-20 13:36:20,1376.1,244176.0
672,2021-07-20 13:36:15,1376.5,244073.0
673,2021-07-20 13:36:11,1376.0,243916.0
674,2021-07-20 13:36:08,1375.7,243700.0
675,2021-07-20 13:36:04,1375.1,243521.0
676,2021-07-20 13:36:01,1375.7,243507.0
677,2021-07-20 13:35:58,1374.9,243410.0
678,2021-07-20 13:35:54,1374.9,243249.0
679,2021-07-20 13:35:51,1374.9,243218.0
680,2021-07-20 13:35:48,1374.9,243153.0
681,2021-07-20 13:35:44,1375.0,242975.0
682,2021-07-20 13:35:41,1374.9,242883.0
683,2021-07-20 13:35:37,1375.0,242811.0
684,2021-07-20 13:35:33,1374.9,242713.0
685,2021-07-20 13:35:29,1375.0,242549.0
686,2021-07-20 13:35:26,1374.6,242342.0
687,2021-07-20 13:35:22,1374.3,242242.0
688,2021-07-20 13:35:18,1374.1,242160.0
689,2021-07-20 13:35:15,1374.0,242077.0
690,2021-07-20 13:35:07,1373.9,241857.0
691,2021-07-20 13:35:04,1373.6,241839.0
692,2021-07-20 13:35:00,1373.5,241783.0
693,2021-07-20 13:34:52,1373.2,241716.0
694,2021-07-20 13:34:49,1373.3,241623.0
695,2021-07-20 13:34:42,1373.7,241543.0
696,2021-07-20 13:34:39,1373.7,241517.0
697,2021-07-20 13:34:35,1373.1,241465.0
698,2021-07-20 13:34:32,1373.1,241459.0
699,2021-07-20 13:34:28,1373.1,241343.0
700,2021-07-20 13:34:20,1372.6,241254.0
701,2021-07-20 13:34:14,1372.7,241184.0
702,2021-07-20 13:34:10,1372.6,241149.0
703,2021-07-20 13:34:07,1372.6,241084.0
704,2021-07-20 13:34:03,1372.8,241074.0
705,2021-07-20 13:33:59,1372.6,241055.0
706,2021-07-20 13:33:56,1372.8,241028.0
707,2021-07-20 13:33:52,1372.8,241000.0
708,2021-07-20 13:33:48,1372.8,240926.0
709,2021-07-20 13:33:43,1373.3,240834.0
710,2021-07-20 13:33:39,1373.0,240792.0
711,2021-07-20 13:33:36,1372.5,240677.0
712,2021-07-20 13:33:33,1372.5,240621.0
713,2021-07-20 13:33:29,1372.6,240573.0
714,2021-07-20 13:33:26,1372.6,240495.0
715,2021-07-20 13:33:23,1371.8,240429.0
716,2021-07-20 13:33:19,1371.8,240350.0
717,2021-07-20 13:33:15,1371.8,240313.0
718,2021-07-20 13:33:12,1371.4,240261.0
719,2021-07-20 13:33:09,1370.6,240158.0
720,2021-07-20 13:33:06,1370.1,240116.0
721,2021-07-20 13:33:02,1370.1,239922.0
722,2021-07-20 13:32:55,1370.1,239504.0
723,2021-07-20 13:32:47,1370.0,239386.0
724,2021-07-20 13:32:44,1370.0,239243.0
725,2021-07-20 13:32:40,1369.5,239030.0
726,2021-07-20 13:32:37,1369.4,238842.0
727,2021-07-20 13:32:34,1369.5,238725.0
728,2021-07-20 13:32:30,1369.6,238635.0
729,2021-07-20 13:32:26,1369.6,238497.0
730,2021-07-20 13:32:22,1369.6,238317.0
731,2021-07-20 13:32:18,1370.9,238070.0
732,2021-07-20 13:32:15,1370.0,237854.0
733,2021-07-20 13:32:10,1370.1,237569.0
734,2021-07-20 13:32:06,1371.3,237145.0
735,2021-07-20 13:32:02,1371.6,236998.0
736,2021-07-20 13:31:59,1372.0,236837.0
737,2021-07-20 13:31:56,1372.5,236692.0
738,2021-07-20 13:31:52,1372.5,236637.0
739,2021-07-20 13:31:47,1372.7,236586.0
740,2021-07-20 13:31:44,1372.8,236550.0
741,2021-07-20 13:31:40,1372.7,236515.0
742,2021-07-20 13:31:37,1372.8,236391.0
743,2021-07-20 13:31:33,1373.6,236295.0
744,2021-07-20 13:31:30,1373.8,236261.0
745,2021-07-20 13:31:25,1374.0,236188.0
746,2021-07-20 13:31:22,1374.1,236143.0
747,2021-07-20 13:31:18,1374.2,236128.0
748,2021-07-20 13:31:14,1374.2,236056.0
749,2021-07-20 13:31:10,1374.1,236011.0
750,2021-07-20 13:31:07,1374.0,235967.0
751,2021-07-20 13:31:03,1374.2,235922.0
752,2021-07-20 13:31:00,1374.0,235896.0
753,2021-07-20 13:30:56,1374.1,235868.0
754,2021-07-20 13:30:52,1374.0,235776.0
755,2021-07-20 13:30:45,1374.0,235724.0
756,2021-07-20 13:30:41,1374.0,235685.0
757,2021-07-20 13:30:37,1373.9,235594.0
758,2021-07-20 13:30:33,1373.5,235527.0
759,2021-07-20 13:30:29,1373.6,235437.0
760,2021-07-20 13:30:24,1373.6,235357.0
761,2021-07-20 13:30:17,1373.3,235223.0
762,2021-07-20 13:30:13,1373.0,235175.0
763,2021-07-20 13:30:10,1372.6,235153.0
764,2021-07-20 13:30:07,1372.8,235072.0
765,2021-07-20 13:30:03,1372.6,234995.0
766,2021-07-20 13:30:00,1372.2,234866.0
767,2021-07-20 13:29:57,1372.1,234809.0
768,2021-07-20 13:29:54,1372.3,234757.0
769,2021-07-20 13:29:50,1372.0,234730.0
770,2021-07-20 13:29:46,1372.3,234646.0
771,2021-07-20 13:29:43,1372.0,234509.0
772,2021-07-20 13:29:39,1373.4,234317.0
773,2021-07-20 13:29:35,1373.5,234227.0
774,2021-07-20 13:29:31,1373.9,234153.0
775,2021-07-20 13:29:28,1374.2,234112.0
776,2021-07-20 13:29:24,1374.2,233959.0
777,2021-07-20 13:29:20,1374.2,233891.0
778,2021-07-20 13:29:17,1374.0,233864.0
779,2021-07-20 13:29:13,1373.9,233832.0
780,2021-07-20 13:29:06,1373.9,233658.0
781,2021-07-20 13:29:02,1372.7,233488.0
782,2021-07-20 13:28:58,1373.0,233435.0
783,2021-07-20 13:28:55,1373.0,233375.0
784,2021-07-20 13:28:52,1372.9,233321.0
785,2021-07-20 13:28:49,1373.0,232897.0
786,2021-07-20 13:28:41,1372.9,232777.0
787,2021-07-20 13:28:33,1373.0,232559.0
788,2021-07-20 13:28:30,1373.0,232517.0
789,2021-07-20 13:28:23,1374.3,232354.0
790,2021-07-20 13:28:19,1374.0,232270.0
791,2021-07-20 13:28:16,1374.2,232156.0
792,2021-07-20 13:28:13,1374.3,232000.0
793,2021-07-20 13:28:09,1374.3,231938.0
794,2021-07-20 13:28:06,1374.2,231932.0
795,2021-07-20 13:28:02,1374.5,231792.0
796,2021-07-20 13:27:58,1374.1,231712.0
797,2021-07-20 13:27:54,1374.6,231566.0
798,2021-07-20 13:27:50,1374.7,231503.0
799,2021-07-20 13:27:46,1374.7,231416.0
800,2021-07-20 13:27:42,1375.0,231340.0
801,2021-07-20 13:27:39,1375.0,231336.0
802,2021-07-20 13:27:35,1374.8,231318.0
803,2021-07-20 13:27:31,1375.0,231246.0
804,2021-07-20 13:27:28,1374.9,231187.0
805,2021-07-20 13:27:24,1374.9,231146.0
806,2021-07-20 13:27:21,1374.9,231132.0
807,2021-07-20 13:27:18,1374.9,231110.0
808,2021-07-20 13:27:14,1375.0,231103.0
809,2021-07-20 13:27:11,1375.0,231052.0
810,2021-07-20 13:27:07,1374.5,231048.0
811,2021-07-20 13:27:04,1375.0,231000.0
812,2021-07-20 13:27:01,1374.5,230882.0
813,2021-07-20 13:26:54,1374.9,230739.0
814,2021-07-20 13:26:50,1374.3,230638.0
815,2021-07-20 13:26:47,1374.8,230611.0
816,2021-07-20 13:26:44,1374.5,230539.0
817,2021-07-20 13:26:41,1375.0,230481.0
818,2021-07-20 13:26:38,1375.5,230401.0
819,2021-07-20 13:26:34,1375.2,230325.0
820,2021-07-20 13:26:31,1375.3,230258.0
821,2021-07-20 13:26:27,1375.5,230206.0
822,2021-07-20 13:26:24,1375.6,230179.0
823,2021-07-20 13:26:21,1375.8,230166.0
824,2021-07-20 13:26:17,1375.6,230138.0
825,2021-07-20 13:26:14,1375.9,230029.0
826,2021-07-20 13:26:11,1375.6,229923.0
827,2021-07-20 13:26:08,1376.0,229882.0
828,2021-07-20 13:26:05,1376.0,229836.0
829,2021-07-20 13:26:01,1376.4,229750.0
830,2021-07-20 13:25:58,1376.2,229716.0
831,2021-07-20 13:25:55,1376.3,229640.0
832,2021-07-20 13:25:52,1376.5,229601.0
833,2021-07-20 13:25:49,1376.3,229503.0
834,2021-07-20 13:25:46,1376.5,229412.0
835,2021-07-20 13:25:43,1376.5,229264.0
836,2021-07-20 13:25:40,1376.5,229036.0
837,2021-07-20 13:25:37,1377.0,228994.0
838,2021-07-20 13:25:34,1376.6,228921.0
839,2021-07-20 13:25:30,1377.0,228660.0
840,2021-07-20 13:25:26,1377.0,228591.0
841,2021-07-20 13:25:23,1376.9,228517.0
842,2021-07-20 13:25:20,1376.9,228408.0
843,2021-07-20 13:25:17,1376.9,228294.0
844,2021-07-20 13:25:14,1376.9,228220.0
845,2021-07-20 13:25:11,1376.6,228132.0
846,2021-07-20 13:25:07,1376.0,228067.0
847,2021-07-20 13:25:01,1376.3,227836.0
848,2021-07-20 13:24:58,1376.0,227591.0
849,2021-07-20 13:24:51,1376.0,227342.0
850,2021-07-20 13:24:44,1376.2,227103.0
851,2021-07-20 13:24:37,1376.2,227046.0
852,2021-07-20 13:24:34,1375.5,226882.0
853,2021-07-20 13:24:30,1375.5,226818.0
854,2021-07-20 13:24:27,1375.5,226808.0
855,2021-07-20 13:24:24,1375.5,226717.0
856,2021-07-20 13:24:20,1375.4,226635.0
857,2021-07-20 13:24:14,1375.5,226574.0
858,2021-07-20 13:24:08,1375.2,226525.0
859,2021-07-20 13:24:05,1375.4,226437.0
860,2021-07-20 13:24:02,1375.2,226374.0
861,2021-07-20 13:23:58,1375.3,226295.0
862,2021-07-20 13:23:55,1375.2,226230.0
863,2021-07-20 13:23:52,1375.4,226219.0
864,2021-07-20 13:23:48,1375.2,226159.0
865,2021-07-20 13:23:45,1375.1,226128.0
866,2021-07-20 13:23:42,1375.1,226084.0
867,2021-07-20 13:23:38,1375.0,226026.0
868,2021-07-20 13:23:35,1374.7,225956.0
869,2021-07-20 13:23:32,1375.0,225857.0
870,2021-07-20 13:23:29,1374.5,225837.0
871,2021-07-20 13:23:26,1374.7,225806.0
872,2021-07-20 13:23:23,1374.1,225639.0
873,2021-07-20 13:23:19,1374.1,225612.0
874,2021-07-20 13:23:16,1374.9,225442.0
875,2021-07-20 13:23:09,1374.1,225227.0
876,2021-07-20 13:23:03,1373.6,225106.0
877,2021-07-20 13:22:56,1373.6,224797.0
878,2021-07-20 13:22:53,1373.6,224794.0
879,2021-07-20 13:22:50,1373.8,224762.0
880,2021-07-20 13:22:46,1373.2,224635.0
881,2021-07-20 13:22:40,1373.9,224491.0
882,2021-07-20 13:22:37,1373.2,224481.0
883,2021-07-20 13:22:34,1373.9,224170.0
884,2021-07-20 13:22:30,1374.0,224087.0
885,2021-07-20 13:22:24,1374.1,224008.0
886,2021-07-20 13:22:20,1374.4,223973.0
887,2021-07-20 13:22:14,1374.4,223908.0
888,2021-07-20 13:22:08,1374.4,223811.0
889,2021-07-20 13:22:05,1374.4,223645.0
890,2021-07-20 13:22:01,1374.4,223528.0
891,2021-07-20 13:21:58,1374.4,223480.0
892,2021-07-20 13:21:55,1374.6,223364.0
893,2021-07-20 13:21:52,1374.3,223331.0
894,2021-07-20 13:21:49,1374.8,223216.0
895,2021-07-20 13:21:46,1374.7,223166.0
896,2021-07-20 13:21:43,1375.0,222957.0
897,2021-07-20 13:21:40,1375.0,222908.0
898,2021-07-20 13:21:37,1375.1,222846.0
899,2021-07-20 13:21:34,1375.1,222823.0
900,2021-07-20 13:21:31,1375.1,222676.0
901,2021-07-20 13:21:27,1375.3,222600.0
902,2021-07-20 13:21:24,1375.3,222544.0
903,2021-07-20 13:21:21,1375.4,222509.0
904,2021-07-20 13:21:18,1375.9,222494.0
905,2021-07-20 13:21:15,1375.9,222408.0
906,2021-07-20 13:21:11,1376.1,222306.0
907,2021-07-20 13:21:08,1376.1,222233.0
908,2021-07-20 13:21:04,1376.4,222201.0
909,2021-07-20 13:21:02,1376.1,222148.0
910,2021-07-20 13:20:59,1376.1,222141.0
911,2021-07-20 13:20:55,1376.2,222115.0
912,2021-07-20 13:20:52,1376.0,222031.0
913,2021-07-20 13:20:48,1376.0,221962.0
914,2021-07-20 13:20:45,1376.3,221917.0
915,2021-07-20 13:20:42,1376.0,221877.0
916,2021-07-20 13:20:38,1376.2,221691.0
917,2021-07-20 13:20:35,1375.5,221445.0
918,2021-07-20 13:20:32,1375.7,221388.0
919,2021-07-20 13:20:29,1375.4,221361.0
920,2021-07-20 13:20:25,1375.5,221285.0
921,2021-07-20 13:20:22,1375.3,221205.0
922,2021-07-20 13:20:19,1375.1,221156.0
923,2021-07-20 13:20:16,1375.4,221080.0
924,2021-07-20 13:20:14,1375.2,221043.0
925,2021-07-20 13:20:11,1375.3,220976.0
926,2021-07-20 13:20:07,1375.3,220942.0
927,2021-07-20 13:20:04,1375.3,220835.0
928,2021-07-20 13:20:00,1375.2,220520.0
929,2021-07-20 13:19:56,1375.4,220408.0
930,2021-07-20 13:19:53,1375.3,220340.0
931,2021-07-20 13:19:50,1375.5,220266.0
932,2021-07-20 13:19:47,1375.3,220197.0
933,2021-07-20 13:19:44,1375.5,220169.0
934,2021-07-20 13:19:41,1375.8,220111.0
935,2021-07-20 13:19:37,1375.8,220092.0
936,2021-07-20 13:19:34,1376.3,219995.0
937,2021-07-20 13:19:31,1376.4,219859.0
938,2021-07-20 13:19:28,1376.5,219833.0
939,2021-07-20 13:19:24,1376.5,219814.0
940,2021-07-20 13:19:21,1376.6,219793.0
941,2021-07-20 13:19:18,1376.5,219724.0
942,2021-07-20 13:19:14,1376.4,219615.0
943,2021-07-20 13:19:11,1376.1,219502.0
944,2021-07-20 13:19:07,1376.1,219193.0
945,2021-07-20 13:19:01,1376.0,218938.0
946,2021-07-20 13:18:55,1376.0,218757.0
947,2021-07-20 13:18:49,1376.1,218658.0
948,2021-07-20 13:18:45,1376.4,218564.0
949,2021-07-20 13:18:39,1376.5,218488.0
950,2021-07-20 13:18:36,1376.7,218452.0
951,2021-07-20 13:18:30,1377.0,218349.0
952,2021-07-20 13:18:26,1377.5,218093.0
953,2021-07-20 13:18:20,1377.3,217973.0
954,2021-07-20 13:18:14,1377.5,217884.0
955,2021-07-20 13:18:11,1377.9,217856.0
956,2021-07-20 13:18:08,1377.9,217841.0
957,2021-07-20 13:18:05,1377.3,217722.0
958,2021-07-20 13:18:02,1377.7,217610.0
959,2021-07-20 13:17:58,1377.6,217582.0
960,2021-07-20 13:17:55,1377.1,217538.0
961,2021-07-20 13:17:52,1377.1,217481.0
962,2021-07-20 13:17:49,1377.0,217430.0
963,2021-07-20 13:17:45,1376.7,217345.0
964,2021-07-20 13:17:42,1376.5,217263.0
965,2021-07-20 13:17:38,1376.5,217087.0
966,2021-07-20 13:17:35,1376.4,217048.0
967,2021-07-20 13:17:31,1376.8,216972.0
968,2021-07-20 13:17:28,1377.0,216864.0
969,2021-07-20 13:17:25,1377.1,216809.0
970,2021-07-20 13:17:18,1377.3,216752.0
971,2021-07-20 13:17:15,1377.3,216688.0
972,2021-07-20 13:17:09,1377.2,216620.0
973,2021-07-20 13:17:05,1377.3,216556.0
974,2021-07-20 13:17:02,1377.1,216531.0
975,2021-07-20 13:16:59,1377.2,216503.0
976,2021-07-20 13:16:56,1377.3,216444.0
977,2021-07-20 13:16:52,1377.5,216358.0
978,2021-07-20 13:16:46,1377.4,216215.0
979,2021-07-20 13:16:39,1377.2,216065.0
980,2021-07-20 13:16:36,1377.2,216004.0
981,2021-07-20 13:16:32,1377.2,215998.0
982,2021-07-20 13:16:29,1377.2,215884.0
983,2021-07-20 13:16:25,1377.0,215752.0
984,2021-07-20 13:16:22,1377.1,215531.0
985,2021-07-20 13:16:16,1377.5,215296.0
986,2021-07-20 13:16:09,1377.1,215226.0
987,2021-07-20 13:16:06,1377.7,215201.0
988,2021-07-20 13:16:03,1377.8,215135.0
989,2021-07-20 13:16:00,1377.9,215075.0
990,2021-07-20 13:15:57,1378.1,215033.0
991,2021-07-20 13:15:54,1378.4,214921.0
992,2021-07-20 13:15:51,1378.5,214894.0
993,2021-07-20 13:15:47,1378.5,214792.0
994,2021-07-20 13:15:44,1378.5,214770.0
995,2021-07-20 13:15:41,1378.5,214711.0
996,2021-07-20 13:15:37,1379.0,214560.0
997,2021-07-20 13:15:34,1379.0,214396.0
998,2021-07-20 13:15:31,1379.1,214363.0
999,2021-07-20 13:15:27,1379.3,214283.0
1000,2021-07-20 13:15:24,1379.5,214237.0
1001,2021-07-20 13:15:20,1379.4,214135.0
1002,2021-07-20 13:15:17,1379.2,214058.0
1003,2021-07-20 13:15:15,1379.7,213738.0
1004,2021-07-20 13:15:12,1379.2,213605.0
1005,2021-07-20 13:15:09,1379.7,213470.0
1006,2021-07-20 13:15:06,1378.9,213348.0
1007,2021-07-20 13:15:03,1379.0,213248.0
1008,2021-07-20 13:15:00,1378.4,213196.0
1009,2021-07-20 13:14:57,1378.8,213163.0
1010,2021-07-20 13:14:53,1378.4,213148.0
1011,2021-07-20 13:14:50,1378.2,213060.0
1012,2021-07-20 13:14:47,1377.9,213014.0
1013,2021-07-20 13:14:43,1378.0,212980.0
1014,2021-07-20 13:14:40,1377.9,212937.0
1015,2021-07-20 13:14:37,1378.0,212888.0
1016,2021-07-20 13:14:33,1377.9,212777.0
1017,2021-07-20 13:14:30,1378.0,212701.0
1018,2021-07-20 13:14:27,1378.8,212389.0
1019,2021-07-20 13:14:24,1378.3,212272.0
1020,2021-07-20 13:14:20,1378.8,212029.0
1021,2021-07-20 13:14:18,1378.6,211982.0
1022,2021-07-20 13:14:15,1378.3,211898.0
1023,2021-07-20 13:14:11,1378.4,211834.0
1024,2021-07-20 13:14:09,1378.3,211752.0
1025,2021-07-20 13:14:06,1378.1,211705.0
1026,2021-07-20 13:14:03,1377.3,211658.0
1027,2021-07-20 13:13:59,1377.8,211368.0
1028,2021-07-20 13:13:56,1377.9,211306.0
1029,2021-07-20 13:13:53,1377.8,211201.0
1030,2021-07-20 13:13:50,1377.9,211123.0
1031,2021-07-20 13:13:47,1377.8,211100.0
1032,2021-07-20 13:13:43,1377.7,211074.0
1033,2021-07-20 13:13:40,1377.0,210912.0
1034,2021-07-20 13:13:37,1376.5,210788.0
1035,2021-07-20 13:13:33,1376.6,210711.0
1036,2021-07-20 13:13:30,1376.5,210682.0
1037,2021-07-20 13:13:26,1376.5,210614.0
1038,2021-07-20 13:13:23,1376.5,210602.0
1039,2021-07-20 13:13:20,1376.5,210558.0
1040,2021-07-20 13:13:17,1376.5,210461.0
1041,2021-07-20 13:13:11,1376.5,210375.0
1042,2021-07-20 13:13:05,1376.9,210237.0
1043,2021-07-20 13:13:02,1376.3,210179.0
1044,2021-07-20 13:12:55,1376.5,210093.0
1045,2021-07-20 13:12:52,1376.3,210092.0
1046,2021-07-20 13:12:49,1376.5,210048.0
1047,2021-07-20 13:12:46,1376.3,209940.0
1048,2021-07-20 13:12:40,1376.2,209872.0
1049,2021-07-20 13:12:37,1376.3,209837.0
1050,2021-07-20 13:12:33,1376.0,209729.0
1051,2021-07-20 13:12:27,1376.2,209652.0
1052,2021-07-20 13:12:24,1376.6,209581.0
1053,2021-07-20 13:12:18,1376.2,209452.0
1054,2021-07-20 13:12:14,1376.0,209341.0
1055,2021-07-20 13:12:11,1375.4,209238.0
1056,2021-07-20 13:12:07,1375.4,209207.0
1057,2021-07-20 13:12:04,1375.6,209156.0
1058,2021-07-20 13:12:01,1375.4,209002.0
1059,2021-07-20 13:11:58,1375.5,208951.0
1060,2021-07-20 13:11:54,1375.8,208670.0
1061,2021-07-20 13:11:51,1376.0,208604.0
1062,2021-07-20 13:11:47,1376.0,208466.0
1063,2021-07-20 13:11:44,1376.0,208368.0
1064,2021-07-20 13:11:40,1376.0,208294.0
1065,2021-07-20 13:11:37,1376.3,208155.0
1066,2021-07-20 13:11:34,1376.0,208072.0
1067,2021-07-20 13:11:31,1376.5,207952.0
1068,2021-07-20 13:11:28,1376.6,207806.0
1069,2021-07-20 13:11:25,1376.2,207707.0
1070,2021-07-20 13:11:22,1376.2,207529.0
1071,2021-07-20 13:11:19,1377.0,207294.0
1072,2021-07-20 13:11:16,1376.9,207207.0
1073,2021-07-20 13:11:10,1376.9,206829.0
1074,2021-07-20 13:11:06,1376.9,206791.0
1075,2021-07-20 13:11:00,1376.8,206470.0
1076,2021-07-20 13:10:55,1376.6,206315.0
1077,2021-07-20 13:10:49,1375.3,206154.0
1078,2021-07-20 13:10:40,1375.2,205839.0
1079,2021-07-20 13:10:34,1375.9,205638.0
1080,2021-07-20 13:10:31,1375.2,205586.0
1081,2021-07-20 13:10:22,1375.0,204993.0
1082,2021-07-20 13:10:16,1374.8,204538.0
1083,2021-07-20 13:10:10,1374.4,204364.0
1084,2021-07-20 13:10:07,1374.3,204347.0
1085,2021-07-20 13:10:04,1374.4,204309.0
1086,2021-07-20 13:10:01,1374.0,204227.0
1087,2021-07-20 13:09:58,1374.4,204203.0
1088,2021-07-20 13:09:55,1374.0,204135.0
1089,2021-07-20 13:09:52,1373.3,204024.0
1090,2021-07-20 13:09:49,1373.5,203904.0
1091,2021-07-20 13:09:46,1373.0,203763.0
1092,2021-07-20 13:09:43,1373.9,203644.0
1093,2021-07-20 13:09:40,1373.3,203543.0
1094,2021-07-20 13:09:36,1372.9,203422.0
1095,2021-07-20 13:09:33,1372.5,203315.0
1096,2021-07-20 13:09:30,1372.9,203180.0
1097,2021-07-20 13:09:27,1372.4,202889.0
1098,2021-07-20 13:09:24,1372.4,202753.0
1099,2021-07-20 13:09:21,1371.9,202718.0
1100,2021-07-20 13:09:18,1372.0,202486.0
1101,2021-07-20 13:09:14,1371.7,202340.0
1102,2021-07-20 13:09:12,1371.7,202282.0
1103,2021-07-20 13:09:09,1371.5,202209.0
1104,2021-07-20 13:09:05,1371.2,202142.0
1105,2021-07-20 13:09:02,1371.1,202062.0
1106,2021-07-20 13:08:59,1371.2,202036.0
1107,2021-07-20 13:08:56,1371.0,201992.0
1108,2021-07-20 13:08:53,1371.2,201925.0
1109,2021-07-20 13:08:50,1370.8,201799.0
1110,2021-07-20 13:08:47,1371.2,201779.0
1111,2021-07-20 13:08:44,1370.9,201744.0
1112,2021-07-20 13:08:41,1371.1,201730.0
1113,2021-07-20 13:08:38,1371.5,201562.0
1114,2021-07-20 13:08:35,1371.5,201438.0
1115,2021-07-20 13:08:32,1371.5,201370.0
1116,2021-07-20 13:08:29,1372.0,201232.0
1117,2021-07-20 13:08:26,1371.8,201198.0
1118,2021-07-20 13:08:23,1371.7,201128.0
1119,2021-07-20 13:08:20,1371.7,201100.0
1120,2021-07-20 13:08:17,1370.9,201015.0
1121,2021-07-20 13:08:13,1370.8,200877.0
1122,2021-07-20 13:08:10,1370.7,200824.0
1123,2021-07-20 13:08:07,1370.5,200729.0
1124,2021-07-20 13:08:04,1370.4,200608.0
1125,2021-07-20 13:08:01,1370.3,200537.0
1126,2021-07-20 13:07:58,1370.3,200453.0
1127,2021-07-20 13:07:55,1369.5,200154.0
1128,2021-07-20 13:07:52,1369.3,200125.0
1129,2021-07-20 13:07:49,1369.3,200088.0
1130,2021-07-20 13:07:46,1369.0,200034.0
1131,2021-07-20 13:07:43,1369.0,199996.0
1132,2021-07-20 13:07:40,1369.0,199983.0
1133,2021-07-20 13:07:37,1368.5,199863.0
1134,2021-07-20 13:07:33,1368.9,199827.0
1135,2021-07-20 13:07:30,1368.8,199783.0
1136,2021-07-20 13:07:27,1368.9,199738.0
1137,2021-07-20 13:07:24,1368.9,199726.0
1138,2021-07-20 13:07:22,1368.4,199630.0
1139,2021-07-20 13:07:19,1368.5,199583.0
1140,2021-07-20 13:07:13,1368.4,199544.0
1141,2021-07-20 13:07:11,1368.4,199492.0
1142,2021-07-20 13:07:08,1368.2,199452.0
1143,2021-07-20 13:07:04,1368.4,199393.0
1144,2021-07-20 13:07:01,1368.2,199347.0
1145,2021-07-20 13:06:55,1368.4,199331.0
1146,2021-07-20 13:06:52,1368.0,199320.0
1147,2021-07-20 13:06:49,1368.2,199310.0
1148,2021-07-20 13:06:46,1368.1,199256.0
1149,2021-07-20 13:06:43,1368.5,199229.0
1150,2021-07-20 13:06:39,1368.7,199227.0
1151,2021-07-20 13:06:34,1368.0,199196.0
1152,2021-07-20 13:06:28,1368.9,199139.0
1153,2021-07-20 13:06:25,1368.2,198998.0
1154,2021-07-20 13:06:19,1368.3,198957.0
1155,2021-07-20 13:06:16,1369.3,198909.0
1156,2021-07-20 13:06:13,1368.2,198755.0
1157,2021-07-20 13:06:11,1368.3,198698.0
1158,2021-07-20 13:06:07,1368.4,198665.0
1159,2021-07-20 13:06:04,1368.0,198564.0
1160,2021-07-20 13:06:01,1368.4,198431.0
1161,2021-07-20 13:05:58,1368.8,198391.0
1162,2021-07-20 13:05:55,1368.8,198343.0
1163,2021-07-20 13:05:52,1369.2,198200.0
1164,2021-07-20 13:05:49,1369.5,198144.0
1165,2021-07-20 13:05:46,1369.5,198136.0
1166,2021-07-20 13:05:43,1369.5,198104.0
1167,2021-07-20 13:05:40,1369.6,198086.0
1168,2021-07-20 13:05:37,1369.1,198054.0
1169,2021-07-20 13:05:34,1369.1,198044.0
1170,2021-07-20 13:05:32,1369.1,198026.0
1171,2021-07-20 13:05:29,1369.0,197950.0
1172,2021-07-20 13:05:26,1368.8,197871.0
1173,2021-07-20 13:05:23,1369.0,197764.0
1174,2021-07-20 13:05:19,1368.9,197743.0
1175,2021-07-20 13:05:13,1369.0,197682.0
1176,2021-07-20 13:05:10,1369.0,197648.0
1177,2021-07-20 13:05:07,1369.0,197635.0
1178,2021-07-20 13:05:04,1369.0,197593.0
1179,2021-07-20 13:04:58,1369.0,197492.0
1180,2021-07-20 13:04:52,1369.0,197447.0
1181,2021-07-20 13:04:49,1369.1,197387.0
1182,2021-07-20 13:04:43,1369.8,197358.0
1183,2021-07-20 13:04:40,1369.9,197325.0
1184,2021-07-20 13:04:37,1369.8,197269.0
1185,2021-07-20 13:04:34,1369.7,197224.0
1186,2021-07-20 13:04:28,1370.0,196948.0
1187,2021-07-20 13:04:22,1370.3,196776.0
1188,2021-07-20 13:04:16,1370.3,196725.0
1189,2021-07-20 13:04:13,1370.8,196692.0
1190,2021-07-20 13:04:10,1371.0,196653.0
1191,2021-07-20 13:04:07,1370.8,196571.0
1192,2021-07-20 13:04:04,1371.0,196558.0
1193,2021-07-20 13:04:01,1371.4,196510.0
1194,2021-07-20 13:03:58,1371.4,196302.0
1195,2021-07-20 13:03:55,1371.3,196202.0
1196,2021-07-20 13:03:52,1371.4,196148.0
1197,2021-07-20 13:03:49,1371.3,196122.0
1198,2021-07-20 13:03:46,1371.3,196105.0
1199,2021-07-20 13:03:43,1371.3,196054.0
1200,2021-07-20 13:03:40,1371.3,196007.0
1201,2021-07-20 13:03:38,1371.5,195970.0
1202,2021-07-20 13:03:34,1371.0,195896.0
1203,2021-07-20 13:03:31,1371.0,195755.0
1204,2021-07-20 13:03:28,1370.8,195717.0
1205,2021-07-20 13:03:25,1370.8,195664.0
1206,2021-07-20 13:03:22,1370.8,195629.0
1207,2021-07-20 13:03:19,1370.3,195593.0
1208,2021-07-20 13:03:16,1370.8,195575.0
1209,2021-07-20 13:03:13,1370.3,195532.0
1210,2021-07-20 13:03:10,1370.4,195506.0
1211,2021-07-20 13:03:08,1370.2,195491.0
1212,2021-07-20 13:03:05,1370.8,195447.0
1213,2021-07-20 13:03:02,1370.4,195414.0
1214,2021-07-20 13:02:59,1370.5,195411.0
1215,2021-07-20 13:02:56,1370.9,195364.0
1216,2021-07-20 13:02:53,1371.0,195355.0
1217,2021-07-20 13:02:50,1371.0,195350.0
1218,2021-07-20 13:02:47,1371.0,195340.0
1219,2021-07-20 13:02:45,1371.0,195285.0
1220,2021-07-20 13:02:42,1371.0,195266.0
1221,2021-07-20 13:02:39,1371.0,195252.0
1222,2021-07-20 13:02:36,1371.1,195226.0
1223,2021-07-20 13:02:33,1371.2,194999.0
1224,2021-07-20 13:02:30,1371.0,194970.0
1225,2021-07-20 13:02:27,1371.5,194913.0
1226,2021-07-20 13:02:24,1371.1,194870.0
1227,2021-07-20 13:02:22,1371.6,194868.0
1228,2021-07-20 13:02:19,1371.9,194732.0
1229,2021-07-20 13:02:16,1371.9,194501.0
1230,2021-07-20 13:02:12,1371.8,194401.0
1231,2021-07-20 13:02:09,1371.9,194353.0
1232,2021-07-20 13:02:06,1372.0,194308.0
1233,2021-07-20 13:02:03,1372.0,194090.0
1234,2021-07-20 13:02:00,1372.2,194023.0
1235,2021-07-20 13:01:57,1372.0,193977.0
1236,2021-07-20 13:01:54,1372.0,193930.0
1237,2021-07-20 13:01:52,1372.3,193849.0
1238,2021-07-20 13:01:49,1372.0,193760.0
1239,2021-07-20 13:01:46,1372.5,193658.0
1240,2021-07-20 13:01:43,1371.8,193521.0
1241,2021-07-20 13:01:40,1371.8,193439.0
1242,2021-07-20 13:01:37,1371.8,193367.0
1243,2021-07-20 13:01:34,1371.8,193346.0
1244,2021-07-20 13:01:31,1371.4,193306.0
1245,2021-07-20 13:01:28,1371.2,193130.0
1246,2021-07-20 13:01:26,1371.0,193056.0
1247,2021-07-20 13:01:23,1371.2,192995.0
1248,2021-07-20 13:01:19,1371.0,192700.0
1249,2021-07-20 13:01:16,1371.0,192615.0
1250,2021-07-20 13:01:13,1370.0,192555.0
1251,2021-07-20 13:01:10,1370.5,192510.0
1252,2021-07-20 13:01:07,1370.0,192398.0
1253,2021-07-20 13:01:05,1370.3,192286.0
1254,2021-07-20 13:01:02,1369.3,192216.0
1255,2021-07-20 13:00:59,1369.8,192122.0
1256,2021-07-20 13:00:56,1369.3,191967.0
1257,2021-07-20 13:00:50,1369.4,191797.0
1258,2021-07-20 13:00:44,1369.3,191768.0
1259,2021-07-20 13:00:41,1369.3,191586.0
1260,2021-07-20 13:00:39,1368.9,191535.0
1261,2021-07-20 13:00:36,1369.3,191204.0
1262,2021-07-20 13:00:33,1369.0,191015.0
1263,2021-07-20 13:00:29,1369.7,190904.0
1264,2021-07-20 13:00:27,1369.7,190753.0
1265,2021-07-20 13:00:24,1369.5,190662.0
1266,2021-07-20 13:00:20,1369.7,190539.0
1267,2021-07-20 13:00:18,1369.3,190398.0
1268,2021-07-20 13:00:15,1369.7,190383.0
1269,2021-07-20 13:00:13,1368.5,190227.0
1270,2021-07-20 13:00:10,1369.0,190200.0
1271,2021-07-20 13:00:06,1367.2,190095.0
1272,2021-07-20 13:00:04,1367.3,190083.0
1273,2021-07-20 13:00:01,1366.7,189744.0
1274,2021-07-20 11:30:03,1366.0,189743.0
1275,2021-07-20 11:30:00,1366.9,189733.0
1276,2021-07-20 11:29:57,1366.0,189678.0
1277,2021-07-20 11:29:54,1365.3,189613.0
1278,2021-07-20 11:29:51,1366.0,189529.0
1279,2021-07-20 11:29:49,1366.0,189516.0
1280,2021-07-20 11:29:46,1366.0,189498.0
1281,2021-07-20 11:29:43,1365.9,189478.0
1282,2021-07-20 11:29:40,1366.0,189443.0
1283,2021-07-20 11:29:38,1365.9,189440.0
1284,2021-07-20 11:29:35,1365.8,189397.0
1285,2021-07-20 11:29:32,1365.9,189325.0
1286,2021-07-20 11:29:30,1366.0,189289.0
1287,2021-07-20 11:29:27,1365.9,189266.0
1288,2021-07-20 11:29:24,1365.8,189250.0
1289,2021-07-20 11:29:21,1365.9,189177.0
1290,2021-07-20 11:29:18,1365.8,189161.0
1291,2021-07-20 11:29:16,1365.3,189096.0
1292,2021-07-20 11:29:13,1365.0,189094.0
1293,2021-07-20 11:29:10,1365.0,189078.0
1294,2021-07-20 11:29:04,1365.0,188976.0
1295,2021-07-20 11:29:02,1365.0,188968.0
1296,2021-07-20 11:28:59,1365.0,188952.0
1297,2021-07-20 11:28:53,1365.0,188932.0
1298,2021-07-20 11:28:50,1365.3,188902.0
1299,2021-07-20 11:28:44,1365.3,188889.0
1300,2021-07-20 11:28:42,1365.0,188862.0
1301,2021-07-20 11:28:39,1364.2,188829.0
1302,2021-07-20 11:28:36,1365.5,188736.0
1303,2021-07-20 11:28:33,1365.3,188727.0
1304,2021-07-20 11:28:28,1365.3,188694.0
1305,2021-07-20 11:28:25,1365.7,188650.0
1306,2021-07-20 11:28:20,1365.8,188618.0
1307,2021-07-20 11:28:17,1365.8,188598.0
1308,2021-07-20 11:28:14,1365.9,188590.0
1309,2021-07-20 11:28:08,1365.9,188548.0
1310,2021-07-20 11:28:05,1366.0,188466.0
1311,2021-07-20 11:28:03,1366.3,188382.0
1312,2021-07-20 11:28:00,1365.9,188348.0
1313,2021-07-20 11:27:57,1365.9,188260.0
1314,2021-07-20 11:27:54,1365.9,188245.0
1315,2021-07-20 11:27:51,1365.3,188229.0
1316,2021-07-20 11:27:48,1364.6,188062.0
1317,2021-07-20 11:27:46,1364.5,187870.0
1318,2021-07-20 11:27:37,1364.5,187785.0
1319,2021-07-20 11:27:34,1364.6,187733.0
1320,2021-07-20 11:27:31,1364.6,187658.0
1321,2021-07-20 11:27:26,1364.3,187567.0
1322,2021-07-20 11:27:23,1364.7,187508.0
1323,2021-07-20 11:27:17,1364.0,187473.0
1324,2021-07-20 11:27:12,1363.4,187334.0
1325,2021-07-20 11:27:07,1363.6,187205.0
1326,2021-07-20 11:27:04,1363.4,187120.0
1327,2021-07-20 11:27:02,1363.4,187109.0
1328,2021-07-20 11:26:59,1363.8,186940.0
1329,2021-07-20 11:26:53,1363.1,186712.0
1330,2021-07-20 11:26:45,1363.8,186451.0
1331,2021-07-20 11:26:42,1363.9,186417.0
1332,2021-07-20 11:26:37,1363.8,186371.0
1333,2021-07-20 11:26:34,1363.9,186309.0
1334,2021-07-20 11:26:31,1363.7,186298.0
1335,2021-07-20 11:26:28,1364.1,186245.0
1336,2021-07-20 11:26:25,1364.0,186195.0
1337,2021-07-20 11:26:23,1364.0,186129.0
1338,2021-07-20 11:26:20,1364.2,186095.0
1339,2021-07-20 11:26:17,1364.5,186056.0
1340,2021-07-20 11:26:14,1364.5,186004.0
1341,2021-07-20 11:26:08,1364.5,185907.0
1342,2021-07-20 11:26:06,1364.7,185905.0
1343,2021-07-20 11:26:03,1364.5,185890.0
1344,2021-07-20 11:26:00,1364.8,185838.0
1345,2021-07-20 11:25:58,1364.8,185814.0
1346,2021-07-20 11:25:55,1365.0,185793.0
1347,2021-07-20 11:25:53,1365.0,185775.0
1348,2021-07-20 11:25:50,1365.1,185714.0
1349,2021-07-20 11:25:47,1365.0,185697.0
1350,2021-07-20 11:25:44,1365.0,185685.0
1351,2021-07-20 11:25:42,1365.9,185598.0
1352,2021-07-20 11:25:39,1365.8,185577.0
1353,2021-07-20 11:25:37,1365.1,185532.0
1354,2021-07-20 11:25:34,1365.6,185519.0
1355,2021-07-20 11:25:32,1366.0,185462.0
1356,2021-07-20 11:25:29,1365.8,185376.0
1357,2021-07-20 11:25:26,1365.8,185304.0
1358,2021-07-20 11:25:24,1365.8,185243.0
1359,2021-07-20 11:25:21,1366.0,185219.0
1360,2021-07-20 11:25:18,1365.8,185044.0
1361,2021-07-20 11:25:15,1366.0,184904.0
1362,2021-07-20 11:25:12,1365.8,184836.0
1363,2021-07-20 11:25:09,1366.0,184801.0
1364,2021-07-20 11:25:07,1365.8,184675.0
1365,2021-07-20 11:25:04,1365.9,184609.0
1366,2021-07-20 11:25:02,1365.9,184565.0
1367,2021-07-20 11:24:59,1365.9,184532.0
1368,2021-07-20 11:24:56,1365.9,184518.0
1369,2021-07-20 11:24:53,1366.0,184426.0
1370,2021-07-20 11:24:48,1366.2,184362.0
1371,2021-07-20 11:24:43,1366.5,184280.0
1372,2021-07-20 11:24:40,1366.2,184220.0
1373,2021-07-20 11:24:37,1366.4,184208.0
1374,2021-07-20 11:24:34,1366.6,184167.0
1375,2021-07-20 11:24:31,1366.6,184141.0
1376,2021-07-20 11:24:28,1367.0,184104.0
1377,2021-07-20 11:24:25,1367.4,184036.0
1378,2021-07-20 11:24:22,1367.1,184024.0
1379,2021-07-20 11:24:20,1367.4,184003.0
1380,2021-07-20 11:24:17,1367.2,183987.0
1381,2021-07-20 11:24:14,1367.5,183933.0
1382,2021-07-20 11:24:12,1367.4,183926.0
1383,2021-07-20 11:24:09,1367.5,183896.0
1384,2021-07-20 11:24:07,1367.5,183891.0
1385,2021-07-20 11:24:04,1367.6,183845.0
1386,2021-07-20 11:24:02,1367.4,183812.0
1387,2021-07-20 11:23:59,1367.5,183799.0
1388,2021-07-20 11:23:56,1367.6,183748.0
1389,2021-07-20 11:23:54,1367.6,183597.0
1390,2021-07-20 11:23:51,1367.6,183538.0
1391,2021-07-20 11:23:48,1367.6,183502.0
1392,2021-07-20 11:23:46,1367.5,183490.0
1393,2021-07-20 11:23:43,1367.5,183444.0
1394,2021-07-20 11:23:41,1367.3,183384.0
1395,2021-07-20 11:23:38,1367.3,183311.0
1396,2021-07-20 11:23:35,1367.2,183222.0
1397,2021-07-20 11:23:32,1367.3,183188.0
1398,2021-07-20 11:23:29,1367.0,183151.0
1399,2021-07-20 11:23:26,1366.8,183113.0
1400,2021-07-20 11:23:23,1366.8,183108.0
1401,2021-07-20 11:23:20,1367.2,183076.0
1402,2021-07-20 11:23:15,1367.0,183017.0
1403,2021-07-20 11:23:09,1367.4,182828.0
1404,2021-07-20 11:23:07,1367.6,182752.0
1405,2021-07-20 11:22:58,1367.7,182602.0
1406,2021-07-20 11:22:56,1367.3,182585.0
1407,2021-07-20 11:22:53,1367.6,182474.0
1408,2021-07-20 11:22:48,1367.5,182400.0
1409,2021-07-20 11:22:40,1367.3,182255.0
1410,2021-07-20 11:22:35,1366.9,182124.0
1411,2021-07-20 11:22:29,1367.2,181956.0
1412,2021-07-20 11:22:24,1367.2,181869.0
1413,2021-07-20 11:22:21,1367.3,181748.0
1414,2021-07-20 11:22:19,1367.3,181710.0
1415,2021-07-20 11:22:16,1367.8,181674.0
1416,2021-07-20 11:22:11,1367.8,181553.0
1417,2021-07-20 11:22:06,1368.0,181485.0
1418,2021-07-20 11:22:03,1368.1,181411.0
1419,2021-07-20 11:22:01,1368.5,181322.0
1420,2021-07-20 11:21:58,1368.5,181276.0
1421,2021-07-20 11:21:56,1368.5,181240.0
1422,2021-07-20 11:21:53,1368.5,181191.0
1423,2021-07-20 11:21:50,1368.6,181142.0
1424,2021-07-20 11:21:47,1368.6,181103.0
1425,2021-07-20 11:21:45,1368.6,181079.0
1426,2021-07-20 11:21:43,1368.7,181069.0
1427,2021-07-20 11:21:40,1369.0,181038.0
1428,2021-07-20 11:21:37,1368.7,181011.0
1429,2021-07-20 11:21:34,1368.6,181000.0
1430,2021-07-20 11:21:31,1368.5,180908.0
1431,2021-07-20 11:21:29,1368.6,180876.0
1432,2021-07-20 11:21:26,1368.5,180859.0
1433,2021-07-20 11:21:24,1368.3,180746.0
1434,2021-07-20 11:21:21,1368.9,180725.0
1435,2021-07-20 11:21:18,1368.2,180654.0
1436,2021-07-20 11:21:16,1368.2,180606.0
1437,2021-07-20 11:21:13,1368.8,180522.0
1438,2021-07-20 11:21:08,1368.1,180459.0
1439,2021-07-20 11:21:02,1368.9,180243.0
1440,2021-07-20 11:20:54,1368.0,180030.0
1441,2021-07-20 11:20:51,1369.0,179946.0
1442,2021-07-20 11:20:48,1368.5,179906.0
1443,2021-07-20 11:20:45,1368.6,179857.0
1444,2021-07-20 11:20:39,1369.0,179239.0
1445,2021-07-20 11:20:31,1369.0,179014.0
1446,2021-07-20 11:20:25,1369.1,178855.0
1447,2021-07-20 11:20:18,1368.8,178669.0
1448,2021-07-20 11:20:16,1368.4,178485.0
1449,2021-07-20 11:20:08,1368.5,178187.0
1450,2021-07-20 11:20:06,1368.3,178061.0
1451,2021-07-20 11:20:03,1368.1,177995.0
1452,2021-07-20 11:20:00,1367.8,177760.0
1453,2021-07-20 11:19:58,1367.8,177694.0
1454,2021-07-20 11:19:55,1367.8,177590.0
1455,2021-07-20 11:19:52,1367.8,177506.0
1456,2021-07-20 11:19:49,1367.5,177413.0
1457,2021-07-20 11:19:46,1367.4,177321.0
1458,2021-07-20 11:19:44,1367.1,177271.0
1459,2021-07-20 11:19:41,1367.0,177179.0
1460,2021-07-20 11:19:38,1367.0,177138.0
1461,2021-07-20 11:19:36,1367.1,177078.0
1462,2021-07-20 11:19:33,1366.8,176986.0
1463,2021-07-20 11:19:31,1366.8,176919.0
1464,2021-07-20 11:19:28,1366.9,176763.0
1465,2021-07-20 11:19:25,1366.8,176743.0
1466,2021-07-20 11:19:22,1367.0,176643.0
1467,2021-07-20 11:19:20,1366.8,176550.0
1468,2021-07-20 11:19:17,1366.1,176483.0
1469,2021-07-20 11:19:14,1366.5,176434.0
1470,2021-07-20 11:19:09,1366.1,176242.0
1471,2021-07-20 11:19:06,1366.0,176231.0
1472,2021-07-20 11:19:04,1365.6,176115.0
1473,2021-07-20 11:18:59,1365.6,176031.0
1474,2021-07-20 11:18:54,1365.4,175952.0
1475,2021-07-20 11:18:52,1365.3,175895.0
1476,2021-07-20 11:18:49,1365.3,175831.0
1477,2021-07-20 11:18:46,1365.2,175762.0
1478,2021-07-20 11:18:44,1365.3,175679.0
1479,2021-07-20 11:18:41,1365.1,175655.0
1480,2021-07-20 11:18:38,1365.3,175504.0
1481,2021-07-20 11:18:36,1365.1,175454.0
1482,2021-07-20 11:18:33,1365.6,175165.0
1483,2021-07-20 11:18:31,1365.2,175130.0
1484,2021-07-20 11:18:28,1365.4,175009.0
1485,2021-07-20 11:18:26,1365.6,174947.0
1486,2021-07-20 11:18:23,1365.2,174829.0
1487,2021-07-20 11:18:21,1365.6,174775.0
1488,2021-07-20 11:18:18,1365.8,174713.0
1489,2021-07-20 11:18:16,1366.0,174649.0
1490,2021-07-20 11:18:13,1365.8,174519.0
1491,2021-07-20 11:18:11,1365.8,174481.0
1492,2021-07-20 11:18:08,1366.0,174351.0
1493,2021-07-20 11:18:06,1366.0,174223.0
1494,2021-07-20 11:18:03,1366.0,174188.0
1495,2021-07-20 11:18:01,1366.0,174116.0
1496,2021-07-20 11:17:58,1366.3,174029.0
1497,2021-07-20 11:17:56,1366.4,174002.0
1498,2021-07-20 11:17:54,1366.0,173941.0
1499,2021-07-20 11:17:51,1366.4,173806.0
1500,2021-07-20 11:17:49,1366.0,173755.0
1501,2021-07-20 11:17:46,1366.4,173635.0
1502,2021-07-20 11:17:44,1365.9,173578.0
1503,2021-07-20 11:17:41,1365.4,173559.0
1504,2021-07-20 11:17:38,1365.4,173360.0
1505,2021-07-20 11:17:35,1365.8,173305.0
1506,2021-07-20 11:17:33,1365.5,173166.0
1507,2021-07-20 11:17:30,1365.5,172929.0
1508,2021-07-20 11:17:28,1365.8,172919.0
1509,2021-07-20 11:17:25,1365.5,172836.0
1510,2021-07-20 11:17:22,1365.1,172777.0
1511,2021-07-20 11:17:20,1365.5,172750.0
1512,2021-07-20 11:17:17,1365.5,172659.0
1513,2021-07-20 11:17:15,1365.9,172652.0
1514,2021-07-20 11:17:12,1364.8,172477.0
1515,2021-07-20 11:17:09,1365.0,172418.0
1516,2021-07-20 11:17:06,1364.5,172399.0
1517,2021-07-20 11:17:04,1365.0,172273.0
1518,2021-07-20 11:16:57,1364.8,171979.0
1519,2021-07-20 11:16:52,1365.0,171851.0
1520,2021-07-20 11:16:45,1364.6,171568.0
1521,2021-07-20 11:16:40,1364.9,171491.0
1522,2021-07-20 11:16:38,1364.9,171451.0
1523,2021-07-20 11:16:35,1365.0,171430.0
1524,2021-07-20 11:16:33,1365.0,171104.0
1525,2021-07-20 11:16:25,1365.0,170925.0
1526,2021-07-20 11:16:17,1365.2,170524.0
1527,2021-07-20 11:16:09,1364.5,170101.0
1528,2021-07-20 11:16:07,1363.9,170069.0
1529,2021-07-20 11:16:04,1364.5,169971.0
1530,2021-07-20 11:16:02,1364.2,169920.0
1531,2021-07-20 11:15:59,1363.9,169828.0
1532,2021-07-20 11:15:57,1363.2,169807.0
1533,2021-07-20 11:15:55,1363.7,169710.0
1534,2021-07-20 11:15:52,1363.4,169700.0
1535,2021-07-20 11:15:50,1363.4,169626.0
1536,2021-07-20 11:15:47,1363.4,169593.0
1537,2021-07-20 11:15:45,1363.4,169572.0
1538,2021-07-20 11:15:42,1363.2,169515.0
1539,2021-07-20 11:15:40,1363.2,169456.0
1540,2021-07-20 11:15:37,1363.2,169338.0
1541,2021-07-20 11:15:35,1362.9,169304.0
1542,2021-07-20 11:15:32,1363.2,169280.0
1543,2021-07-20 11:15:30,1362.6,169160.0
1544,2021-07-20 11:15:27,1362.7,169150.0
1545,2021-07-20 11:15:25,1363.0,169126.0
1546,2021-07-20 11:15:18,1362.6,168973.0
1547,2021-07-20 11:15:15,1362.5,168774.0
1548,2021-07-20 11:15:13,1362.7,168712.0
1549,2021-07-20 11:15:06,1362.3,168495.0
1550,2021-07-20 11:15:01,1362.6,168330.0
1551,2021-07-20 11:14:54,1362.0,168174.0
1552,2021-07-20 11:14:49,1361.5,167909.0
1553,2021-07-20 11:14:46,1361.7,167831.0
1554,2021-07-20 11:14:43,1361.7,167826.0
1555,2021-07-20 11:14:41,1360.9,167635.0
1556,2021-07-20 11:14:36,1360.4,167554.0
1557,2021-07-20 11:14:31,1361.0,167412.0
1558,2021-07-20 11:14:26,1361.0,167245.0
1559,2021-07-20 11:14:21,1361.6,167119.0
1560,2021-07-20 11:14:18,1361.7,167077.0
1561,2021-07-20 11:14:16,1362.0,167062.0
1562,2021-07-20 11:14:11,1362.0,166921.0
1563,2021-07-20 11:14:08,1362.5,166870.0
1564,2021-07-20 11:14:05,1362.4,166726.0
1565,2021-07-20 11:14:03,1362.5,166612.0
1566,2021-07-20 11:14:00,1362.7,166390.0
1567,2021-07-20 11:13:58,1362.5,166303.0
1568,2021-07-20 11:13:55,1362.7,166244.0
1569,2021-07-20 11:13:53,1362.7,166191.0
1570,2021-07-20 11:13:51,1362.3,166165.0
1571,2021-07-20 11:13:48,1362.5,166141.0
1572,2021-07-20 11:13:46,1362.0,166065.0
1573,2021-07-20 11:13:44,1361.9,165923.0
1574,2021-07-20 11:13:41,1362.0,165862.0
1575,2021-07-20 11:13:39,1361.6,165640.0
1576,2021-07-20 11:13:36,1361.7,165548.0
1577,2021-07-20 11:13:34,1361.7,165513.0
1578,2021-07-20 11:13:31,1361.0,165446.0
1579,2021-07-20 11:13:29,1361.0,165395.0
1580,2021-07-20 11:13:26,1360.1,165169.0
1581,2021-07-20 11:13:24,1360.1,165142.0
1582,2021-07-20 11:13:22,1360.1,165116.0
1583,2021-07-20 11:13:19,1360.1,165083.0
1584,2021-07-20 11:13:16,1360.6,164999.0
1585,2021-07-20 11:13:14,1360.5,164878.0
1586,2021-07-20 11:13:09,1360.5,164722.0
1587,2021-07-20 11:13:07,1360.6,164681.0
1588,2021-07-20 11:13:04,1360.1,164642.0
1589,2021-07-20 11:13:02,1360.6,164574.0
1590,2021-07-20 11:12:59,1360.0,164431.0
1591,2021-07-20 11:12:57,1360.0,164110.0
1592,2021-07-20 11:12:54,1359.9,163869.0
1593,2021-07-20 11:12:52,1359.9,163723.0
1594,2021-07-20 11:12:49,1359.6,163499.0
1595,2021-07-20 11:12:47,1359.5,163393.0
1596,2021-07-20 11:12:44,1359.4,163370.0
1597,2021-07-20 11:12:42,1359.3,163217.0
1598,2021-07-20 11:12:39,1359.9,163119.0
1599,2021-07-20 11:12:37,1358.8,163038.0
1600,2021-07-20 11:12:34,1360.0,162991.0
1601,2021-07-20 11:12:31,1359.1,162901.0
1602,2021-07-20 11:12:29,1360.0,162629.0
1603,2021-07-20 11:12:26,1360.0,162570.0
1604,2021-07-20 11:12:23,1360.4,162383.0
1605,2021-07-20 11:12:21,1360.4,162266.0
1606,2021-07-20 11:12:19,1360.2,162157.0
1607,2021-07-20 11:12:16,1360.4,161942.0
1608,2021-07-20 11:12:14,1361.0,161796.0
1609,2021-07-20 11:12:11,1360.2,161711.0
1610,2021-07-20 11:12:09,1361.5,161582.0
1611,2021-07-20 11:12:07,1361.2,161433.0
1612,2021-07-20 11:12:04,1361.5,161303.0
1613,2021-07-20 11:12:02,1361.2,161280.0
1614,2021-07-20 11:12:00,1361.7,161210.0
1615,2021-07-20 11:11:57,1361.2,161053.0
1616,2021-07-20 11:11:55,1362.0,160949.0
1617,2021-07-20 11:11:49,1362.2,160704.0
1618,2021-07-20 11:11:44,1362.9,160551.0
1619,2021-07-20 11:11:35,1363.0,160215.0
1620,2021-07-20 11:11:30,1363.1,160047.0
1621,2021-07-20 11:11:28,1363.5,160033.0
1622,2021-07-20 11:11:25,1363.1,159906.0
1623,2021-07-20 11:11:20,1363.8,159629.0
1624,2021-07-20 11:11:12,1363.8,159482.0
1625,2021-07-20 11:11:05,1363.0,159284.0
1626,2021-07-20 11:11:01,1362.9,159153.0
1627,2021-07-20 11:10:58,1361.9,159125.0
1628,2021-07-20 11:10:54,1362.1,159020.0
1629,2021-07-20 11:10:49,1361.9,158539.0
1630,2021-07-20 11:10:42,1361.3,158385.0
1631,2021-07-20 11:10:37,1361.3,158305.0
1632,2021-07-20 11:10:35,1362.0,157799.0
1633,2021-07-20 11:10:28,1363.0,157569.0
1634,2021-07-20 11:10:25,1363.2,157216.0
1635,2021-07-20 11:10:19,1363.1,157088.0
1636,2021-07-20 11:10:14,1363.6,156833.0
1637,2021-07-20 11:10:09,1363.8,156736.0
1638,2021-07-20 11:10:07,1364.0,156715.0
1639,2021-07-20 11:10:04,1364.7,156560.0
1640,2021-07-20 11:10:02,1364.8,156477.0
1641,2021-07-20 11:10:00,1364.3,156444.0
1642,2021-07-20 11:09:57,1365.4,156313.0
1643,2021-07-20 11:09:55,1365.9,156167.0
1644,2021-07-20 11:09:52,1365.4,156028.0
1645,2021-07-20 11:09:50,1366.0,155997.0
1646,2021-07-20 11:09:47,1365.9,155976.0
1647,2021-07-20 11:09:45,1366.0,155788.0
1648,2021-07-20 11:09:40,1365.4,155524.0
1649,2021-07-20 11:09:38,1366.0,155381.0
1650,2021-07-20 11:09:35,1366.0,155244.0
1651,2021-07-20 11:09:33,1366.0,155157.0
1652,2021-07-20 11:09:28,1365.4,154975.0
1653,2021-07-20 11:09:26,1367.2,154724.0
1654,2021-07-20 11:09:24,1366.8,154182.0
1655,2021-07-20 11:09:14,1368.0,153743.0
1656,2021-07-20 11:09:10,1368.5,153592.0
1657,2021-07-20 11:09:03,1369.0,153346.0
1658,2021-07-20 11:08:58,1369.5,153270.0
1659,2021-07-20 11:08:53,1370.0,153199.0
1660,2021-07-20 11:08:51,1370.0,153115.0
1661,2021-07-20 11:08:46,1370.3,152929.0
1662,2021-07-20 11:08:39,1370.3,152852.0
1663,2021-07-20 11:08:34,1370.3,152701.0
1664,2021-07-20 11:08:32,1370.1,152647.0
1665,2021-07-20 11:08:29,1370.0,152614.0
1666,2021-07-20 11:08:27,1370.0,152491.0
1667,2021-07-20 11:08:25,1370.0,152461.0
1668,2021-07-20 11:08:23,1370.0,152396.0
1669,2021-07-20 11:08:18,1369.8,152288.0
1670,2021-07-20 11:08:16,1369.8,152277.0
1671,2021-07-20 11:08:14,1370.0,152194.0
1672,2021-07-20 11:08:11,1369.8,152107.0
1673,2021-07-20 11:08:08,1369.5,152066.0
1674,2021-07-20 11:08:06,1369.5,152039.0
1675,2021-07-20 11:08:03,1369.5,152005.0
1676,2021-07-20 11:08:01,1369.3,151965.0
1677,2021-07-20 11:07:58,1369.1,151938.0
1678,2021-07-20 11:07:56,1369.3,151758.0
1679,2021-07-20 11:07:54,1369.1,151700.0
1680,2021-07-20 11:07:51,1369.2,151650.0
1681,2021-07-20 11:07:49,1369.3,151618.0
1682,2021-07-20 11:07:47,1369.5,151542.0
1683,2021-07-20 11:07:45,1369.3,151490.0
1684,2021-07-20 11:07:42,1369.6,151329.0
1685,2021-07-20 11:07:40,1369.9,151320.0
1686,2021-07-20 11:07:37,1369.8,151260.0
1687,2021-07-20 11:07:35,1369.5,151252.0
1688,2021-07-20 11:07:33,1369.5,151205.0
1689,2021-07-20 11:07:31,1369.8,151168.0
1690,2021-07-20 11:07:29,1369.9,151140.0
1691,2021-07-20 11:07:26,1369.8,151116.0
1692,2021-07-20 11:07:23,1370.1,151073.0
1693,2021-07-20 11:07:21,1370.5,150994.0
1694,2021-07-20 11:07:18,1370.5,150983.0
1695,2021-07-20 11:07:16,1370.1,150937.0
1696,2021-07-20 11:07:14,1370.5,150859.0
1697,2021-07-20 11:07:12,1370.7,150813.0
1698,2021-07-20 11:07:09,1370.7,150808.0
1699,2021-07-20 11:07:07,1370.6,150771.0
1700,2021-07-20 11:07:05,1370.7,150738.0
1701,2021-07-20 11:07:03,1370.6,150507.0
1702,2021-07-20 11:07:00,1370.9,150473.0
1703,2021-07-20 11:06:58,1370.5,150337.0
1704,2021-07-20 11:06:56,1370.8,150281.0
1705,2021-07-20 11:06:53,1370.5,150209.0
1706,2021-07-20 11:06:51,1370.9,150192.0
1707,2021-07-20 11:06:48,1370.0,149930.0
1708,2021-07-20 11:06:46,1370.0,149671.0
1709,2021-07-20 11:06:44,1370.0,149625.0
1710,2021-07-20 11:06:42,1370.0,149612.0
1711,2021-07-20 11:06:40,1369.7,149445.0
1712,2021-07-20 11:06:38,1369.5,149308.0
1713,2021-07-20 11:06:35,1369.1,149226.0
1714,2021-07-20 11:06:33,1369.5,149169.0
1715,2021-07-20 11:06:31,1369.1,149104.0
1716,2021-07-20 11:06:29,1369.1,149057.0
1717,2021-07-20 11:06:27,1368.8,148621.0
1718,2021-07-20 11:06:25,1368.5,148583.0
1719,2021-07-20 11:06:23,1368.8,148420.0
1720,2021-07-20 11:06:20,1369.0,148320.0
1721,2021-07-20 11:06:18,1369.0,148166.0
1722,2021-07-20 11:06:16,1368.8,148078.0
1723,2021-07-20 11:06:14,1369.0,147809.0
1724,2021-07-20 11:06:12,1369.0,147781.0
1725,2021-07-20 11:06:10,1369.1,147710.0
1726,2021-07-20 11:06:08,1369.2,147678.0
1727,2021-07-20 11:06:06,1369.5,147546.0
1728,2021-07-20 11:06:03,1369.2,147524.0
1729,2021-07-20 11:06:01,1370.0,147254.0
1730,2021-07-20 11:05:59,1370.0,147091.0
1731,2021-07-20 11:05:57,1370.4,146736.0
1732,2021-07-20 11:05:55,1370.2,146683.0
1733,2021-07-20 11:05:53,1370.8,146474.0
1734,2021-07-20 11:05:51,1370.6,146364.0
1735,2021-07-20 11:05:48,1371.0,146280.0
1736,2021-07-20 11:05:46,1371.0,146275.0
1737,2021-07-20 11:05:44,1371.1,146214.0
1738,2021-07-20 11:05:39,1372.0,146164.0
1739,2021-07-20 11:05:35,1372.0,146076.0
1740,2021-07-20 11:05:30,1372.1,145979.0
1741,2021-07-20 11:05:26,1372.4,145951.0
1742,2021-07-20 11:05:24,1372.1,145942.0
1743,2021-07-20 11:05:21,1372.2,145915.0
1744,2021-07-20 11:05:19,1372.5,145849.0
1745,2021-07-20 11:05:15,1372.5,145814.0
1746,2021-07-20 11:05:10,1372.5,145779.0
1747,2021-07-20 11:05:08,1372.0,145756.0
1748,2021-07-20 11:05:03,1372.3,145625.0
1749,2021-07-20 11:04:59,1372.0,145593.0
1750,2021-07-20 11:04:55,1372.3,145464.0
1751,2021-07-20 11:04:50,1372.1,145424.0
1752,2021-07-20 11:04:48,1371.9,145360.0
1753,2021-07-20 11:04:46,1371.7,145335.0
1754,2021-07-20 11:04:43,1371.7,145326.0
1755,2021-07-20 11:04:39,1371.7,145270.0
1756,2021-07-20 11:04:37,1371.5,145213.0
1757,2021-07-20 11:04:35,1371.1,145044.0
1758,2021-07-20 11:04:31,1371.0,144877.0
1759,2021-07-20 11:04:22,1372.0,144628.0
1760,2021-07-20 11:04:18,1372.9,144506.0
1761,2021-07-20 11:04:15,1372.9,144433.0
1762,2021-07-20 11:04:13,1372.9,144370.0
1763,2021-07-20 11:04:08,1373.0,144343.0
1764,2021-07-20 11:04:06,1373.1,144321.0
1765,2021-07-20 11:04:04,1373.1,144303.0
1766,2021-07-20 11:04:02,1373.3,144276.0
1767,2021-07-20 11:03:58,1373.1,144255.0
1768,2021-07-20 11:03:53,1373.1,144228.0
1769,2021-07-20 11:03:50,1373.1,144191.0
1770,2021-07-20 11:03:48,1373.1,144187.0
1771,2021-07-20 11:03:46,1373.1,144164.0
1772,2021-07-20 11:03:44,1373.0,144100.0
1773,2021-07-20 11:03:39,1372.9,143967.0
1774,2021-07-20 11:03:35,1373.0,143874.0
1775,2021-07-20 11:03:30,1372.7,143703.0
1776,2021-07-20 11:03:25,1372.6,143572.0
1777,2021-07-20 11:03:21,1372.6,143528.0
1778,2021-07-20 11:03:19,1372.8,143500.0
1779,2021-07-20 11:03:17,1372.9,143461.0
1780,2021-07-20 11:03:15,1372.5,143455.0
1781,2021-07-20 11:03:10,1372.8,143411.0
1782,2021-07-20 11:03:05,1372.4,143368.0
1783,2021-07-20 11:03:01,1372.9,143273.0
1784,2021-07-20 11:02:57,1372.4,143229.0
1785,2021-07-20 11:02:53,1372.4,143203.0
1786,2021-07-20 11:02:49,1372.4,143190.0
1787,2021-07-20 11:02:47,1372.6,143174.0
1788,2021-07-20 11:02:45,1373.0,143139.0
1789,2021-07-20 11:02:43,1373.1,143032.0
1790,2021-07-20 11:02:38,1373.1,143002.0
1791,2021-07-20 11:02:34,1373.5,142984.0
1792,2021-07-20 11:02:32,1373.8,142957.0
1793,2021-07-20 11:02:30,1373.8,142952.0
1794,2021-07-20 11:02:27,1373.6,142936.0
1795,2021-07-20 11:02:23,1373.8,142895.0
1796,2021-07-20 11:02:19,1374.0,142863.0
1797,2021-07-20 11:02:17,1374.0,142828.0
1798,2021-07-20 11:02:15,1373.8,142779.0
1799,2021-07-20 11:02:13,1374.0,142741.0
1800,2021-07-20 11:02:08,1373.8,142703.0
1801,2021-07-20 11:02:06,1374.0,142678.0
1802,2021-07-20 11:02:04,1373.8,142616.0
1803,2021-07-20 11:02:02,1374.0,142601.0
1804,2021-07-20 11:02:00,1374.5,142578.0
1805,2021-07-20 11:01:58,1374.0,142531.0
1806,2021-07-20 11:01:56,1374.2,142476.0
1807,2021-07-20 11:01:54,1374.3,142452.0
1808,2021-07-20 11:01:51,1374.0,142415.0
1809,2021-07-20 11:01:49,1374.1,142351.0
1810,2021-07-20 11:01:47,1374.0,142324.0
1811,2021-07-20 11:01:44,1374.0,142285.0
1812,2021-07-20 11:01:42,1374.0,142272.0
1813,2021-07-20 11:01:40,1374.1,142241.0
1814,2021-07-20 11:01:38,1374.0,142178.0
1815,2021-07-20 11:01:36,1373.8,142069.0
1816,2021-07-20 11:01:34,1373.8,142056.0
1817,2021-07-20 11:01:31,1373.5,142045.0
1818,2021-07-20 11:01:29,1373.3,141919.0
1819,2021-07-20 11:01:27,1373.1,141912.0
1820,2021-07-20 11:01:25,1373.0,141785.0
1821,2021-07-20 11:01:23,1373.0,141778.0
1822,2021-07-20 11:01:21,1373.0,141759.0
1823,2021-07-20 11:01:19,1373.0,141742.0
1824,2021-07-20 11:01:17,1373.2,141724.0
1825,2021-07-20 11:01:15,1373.0,141677.0
1826,2021-07-20 11:01:13,1372.6,141665.0
1827,2021-07-20 11:01:11,1373.3,141647.0
1828,2021-07-20 11:01:09,1373.0,141628.0
1829,2021-07-20 11:01:06,1373.2,141606.0
1830,2021-07-20 11:01:04,1372.5,141587.0
1831,2021-07-20 11:01:02,1373.3,141562.0
1832,2021-07-20 11:01:00,1373.0,141554.0
1833,2021-07-20 11:00:57,1373.0,141486.0
1834,2021-07-20 11:00:55,1373.0,141468.0
1835,2021-07-20 11:00:53,1373.0,141386.0
1836,2021-07-20 11:00:51,1373.0,141368.0
1837,2021-07-20 11:00:48,1373.0,141355.0
1838,2021-07-20 11:00:46,1372.8,141335.0
1839,2021-07-20 11:00:44,1372.8,141292.0
1840,2021-07-20 11:00:42,1372.5,141228.0
1841,2021-07-20 11:00:36,1372.3,141165.0
1842,2021-07-20 11:00:31,1372.0,141055.0
1843,2021-07-20 11:00:29,1372.3,141038.0
1844,2021-07-20 11:00:25,1372.3,141017.0
1845,2021-07-20 11:00:23,1372.0,140978.0
1846,2021-07-20 11:00:21,1372.0,140967.0
1847,2021-07-20 11:00:19,1372.3,140919.0
1848,2021-07-20 11:00:15,1372.0,140859.0
1849,2021-07-20 11:00:13,1372.0,140790.0
1850,2021-07-20 11:00:11,1372.0,140668.0
1851,2021-07-20 11:00:09,1372.3,140530.0
1852,2021-07-20 11:00:07,1371.7,140443.0
1853,2021-07-20 11:00:05,1371.5,140334.0
1854,2021-07-20 11:00:03,1371.7,140088.0
1855,2021-07-20 11:00:00,1371.7,140050.0
1856,2021-07-20 10:59:58,1371.5,139988.0
1857,2021-07-20 10:59:56,1371.1,139890.0
1858,2021-07-20 10:59:54,1371.1,139839.0
1859,2021-07-20 10:59:51,1370.7,139774.0
1860,2021-07-20 10:59:49,1371.3,139573.0
1861,2021-07-20 10:59:47,1370.6,139513.0
1862,2021-07-20 10:59:45,1371.7,139408.0
1863,2021-07-20 10:59:43,1371.4,139381.0
1864,2021-07-20 10:59:41,1371.6,139254.0
1865,2021-07-20 10:59:38,1371.7,139116.0
1866,2021-07-20 10:59:36,1371.8,139022.0
1867,2021-07-20 10:59:34,1372.0,138766.0
1868,2021-07-20 10:59:32,1372.3,138649.0
1869,2021-07-20 10:59:30,1372.5,138645.0
1870,2021-07-20 10:59:28,1372.7,138577.0
1871,2021-07-20 10:59:22,1372.6,138434.0
1872,2021-07-20 10:59:18,1372.7,138378.0
1873,2021-07-20 10:59:14,1372.6,138306.0
1874,2021-07-20 10:59:10,1373.0,138252.0
1875,2021-07-20 10:59:03,1372.6,138217.0
1876,2021-07-20 10:59:01,1373.6,138164.0
1877,2021-07-20 10:58:59,1373.3,138027.0
1878,2021-07-20 10:58:55,1373.6,137899.0
1879,2021-07-20 10:58:50,1373.9,137807.0
1880,2021-07-20 10:58:46,1374.0,137771.0
1881,2021-07-20 10:58:41,1374.0,137655.0
1882,2021-07-20 10:58:34,1374.4,137530.0
1883,2021-07-20 10:58:32,1374.4,137527.0
1884,2021-07-20 10:58:30,1374.2,137470.0
1885,2021-07-20 10:58:28,1374.4,137417.0
1886,2021-07-20 10:58:23,1374.0,137343.0
1887,2021-07-20 10:58:19,1374.0,137284.0
1888,2021-07-20 10:58:17,1374.6,137283.0
1889,2021-07-20 10:58:14,1374.5,137259.0
1890,2021-07-20 10:58:10,1374.0,137114.0
1891,2021-07-20 10:58:07,1374.0,137081.0
1892,2021-07-20 10:58:05,1373.9,136985.0
1893,2021-07-20 10:58:02,1373.8,136918.0
1894,2021-07-20 10:58:00,1373.9,136860.0
1895,2021-07-20 10:57:58,1373.8,136844.0
1896,2021-07-20 10:57:56,1373.8,136838.0
1897,2021-07-20 10:57:54,1373.8,136804.0
1898,2021-07-20 10:57:52,1373.6,136797.0
1899,2021-07-20 10:57:50,1373.4,136756.0
1900,2021-07-20 10:57:47,1373.5,136748.0
1901,2021-07-20 10:57:45,1373.3,136724.0
1902,2021-07-20 10:57:43,1373.4,136711.0
1903,2021-07-20 10:57:41,1373.3,136683.0
1904,2021-07-20 10:57:38,1373.4,136534.0
1905,2021-07-20 10:57:34,1373.3,136398.0
1906,2021-07-20 10:57:28,1373.3,136275.0
1907,2021-07-20 10:57:24,1373.6,136182.0
1908,2021-07-20 10:57:19,1373.5,136124.0
1909,2021-07-20 10:57:15,1373.9,135985.0
1910,2021-07-20 10:57:11,1373.1,135906.0
1911,2021-07-20 10:57:05,1372.5,135767.0
1912,2021-07-20 10:57:03,1372.5,135765.0
1913,2021-07-20 10:57:01,1372.5,135750.0
1914,2021-07-20 10:56:59,1372.5,135730.0
1915,2021-07-20 10:56:55,1372.5,135678.0
1916,2021-07-20 10:56:51,1372.5,135596.0
1917,2021-07-20 10:56:49,1372.5,135580.0
1918,2021-07-20 10:56:47,1372.8,135537.0
1919,2021-07-20 10:56:42,1372.5,135519.0
1920,2021-07-20 10:56:38,1372.9,135409.0
1921,2021-07-20 10:56:34,1373.0,135380.0
1922,2021-07-20 10:56:28,1373.3,135281.0
1923,2021-07-20 10:56:26,1373.1,135241.0
1924,2021-07-20 10:56:23,1373.3,135112.0
1925,2021-07-20 10:56:19,1373.3,135044.0
1926,2021-07-20 10:56:12,1373.1,134846.0
1927,2021-07-20 10:56:10,1373.0,134759.0
1928,2021-07-20 10:56:07,1373.4,134644.0
1929,2021-07-20 10:56:06,1373.3,134602.0
1930,2021-07-20 10:56:04,1373.4,134584.0
1931,2021-07-20 10:56:02,1373.9,134501.0
1932,2021-07-20 10:56:00,1374.0,134474.0
1933,2021-07-20 10:55:58,1374.0,134447.0
1934,2021-07-20 10:55:55,1374.0,134440.0
1935,2021-07-20 10:55:53,1374.5,134395.0
1936,2021-07-20 10:55:51,1374.5,134359.0
1937,2021-07-20 10:55:49,1374.3,134297.0
1938,2021-07-20 10:55:47,1374.5,134290.0
1939,2021-07-20 10:55:44,1374.3,134283.0
1940,2021-07-20 10:55:42,1374.5,134219.0
1941,2021-07-20 10:55:40,1374.3,134218.0
1942,2021-07-20 10:55:38,1374.3,134179.0
1943,2021-07-20 10:55:36,1374.3,134092.0
1944,2021-07-20 10:55:34,1374.3,134065.0
1945,2021-07-20 10:55:32,1374.2,134053.0
1946,2021-07-20 10:55:30,1374.3,134028.0
1947,2021-07-20 10:55:27,1374.9,133974.0
1948,2021-07-20 10:55:25,1375.0,133958.0
1949,2021-07-20 10:55:24,1374.6,133957.0
1950,2021-07-20 10:55:19,1374.9,133787.0
1951,2021-07-20 10:55:13,1375.0,133653.0
1952,2021-07-20 10:55:07,1375.0,133635.0
1953,2021-07-20 10:55:05,1374.8,133624.0
1954,2021-07-20 10:54:59,1374.8,133575.0
1955,2021-07-20 10:54:56,1374.8,133564.0
1956,2021-07-20 10:54:54,1374.8,133535.0
1957,2021-07-20 10:54:52,1374.4,133520.0
1958,2021-07-20 10:54:50,1374.4,133500.0
1959,2021-07-20 10:54:48,1374.2,133410.0
1960,2021-07-20 10:54:46,1374.4,133399.0
1961,2021-07-20 10:54:43,1374.4,133386.0
1962,2021-07-20 10:54:41,1374.1,133375.0
1963,2021-07-20 10:54:39,1374.5,133338.0
1964,2021-07-20 10:54:37,1374.4,133312.0
1965,2021-07-20 10:54:32,1374.5,133241.0
1966,2021-07-20 10:54:30,1373.6,133192.0
1967,2021-07-20 10:54:27,1374.4,133088.0
1968,2021-07-20 10:54:25,1373.9,133014.0
1969,2021-07-20 10:54:21,1373.6,132926.0
1970,2021-07-20 10:54:15,1373.9,132820.0
1971,2021-07-20 10:54:09,1374.0,132711.0
1972,2021-07-20 10:54:07,1374.5,132613.0
1973,2021-07-20 10:54:05,1374.2,132553.0
1974,2021-07-20 10:54:03,1374.5,132484.0
1975,2021-07-20 10:54:00,1374.6,132475.0
1976,2021-07-20 10:53:58,1375.3,132417.0
1977,2021-07-20 10:53:56,1375.0,132411.0
1978,2021-07-20 10:53:54,1375.4,132361.0
1979,2021-07-20 10:53:52,1375.3,132350.0
1980,2021-07-20 10:53:50,1375.2,132347.0
1981,2021-07-20 10:53:48,1375.6,132340.0
1982,2021-07-20 10:53:46,1375.3,132328.0
1983,2021-07-20 10:53:44,1375.4,132318.0
1984,2021-07-20 10:53:42,1375.3,132288.0
1985,2021-07-20 10:53:40,1375.3,132279.0
1986,2021-07-20 10:53:38,1375.1,132275.0
1987,2021-07-20 10:53:36,1375.3,132270.0
1988,2021-07-20 10:53:33,1375.3,132252.0
1989,2021-07-20 10:53:31,1375.3,132163.0
1990,2021-07-20 10:53:29,1375.3,132131.0
1991,2021-07-20 10:53:27,1375.3,132102.0
1992,2021-07-20 10:53:25,1375.7,132091.0
1993,2021-07-20 10:53:23,1375.3,132047.0
1994,2021-07-20 10:53:20,1375.2,131866.0
1995,2021-07-20 10:53:14,1375.3,131616.0
1996,2021-07-20 10:53:10,1375.1,131562.0
1997,2021-07-20 10:53:04,1375.5,131405.0
1998,2021-07-20 10:53:02,1375.9,131368.0
1999,2021-07-20 10:52:59,1376.0,131350.0
2000,2021-07-20 10:52:57,1376.4,131239.0
2001,2021-07-20 10:52:53,1376.3,131228.0
2002,2021-07-20 10:52:49,1376.6,131057.0
2003,2021-07-20 10:52:45,1376.7,131032.0
2004,2021-07-20 10:52:43,1376.8,130991.0
2005,2021-07-20 10:52:39,1376.9,130984.0
2006,2021-07-20 10:52:35,1376.8,130974.0
2007,2021-07-20 10:52:33,1376.7,130972.0
2008,2021-07-20 10:52:31,1376.9,130966.0
2009,2021-07-20 10:52:29,1377.0,130964.0
2010,2021-07-20 10:52:27,1377.1,130888.0
2011,2021-07-20 10:52:23,1377.0,130868.0
2012,2021-07-20 10:52:19,1376.7,130744.0
2013,2021-07-20 10:52:15,1376.9,130731.0
2014,2021-07-20 10:52:11,1376.7,130726.0
2015,2021-07-20 10:52:07,1376.7,130725.0
2016,2021-07-20 10:52:05,1377.0,130716.0
2017,2021-07-20 10:52:04,1377.0,130703.0
2018,2021-07-20 10:52:01,1377.1,130701.0
2019,2021-07-20 10:51:59,1377.2,130684.0
2020,2021-07-20 10:51:57,1377.2,130637.0
2021,2021-07-20 10:51:55,1377.2,130633.0
2022,2021-07-20 10:51:53,1377.4,130618.0
2023,2021-07-20 10:51:51,1377.2,130602.0
2024,2021-07-20 10:51:49,1377.2,130594.0
2025,2021-07-20 10:51:47,1377.2,130578.0
2026,2021-07-20 10:51:45,1377.2,130574.0
2027,2021-07-20 10:51:43,1376.7,130557.0
2028,2021-07-20 10:51:41,1377.0,130519.0
2029,2021-07-20 10:51:39,1376.6,130410.0
2030,2021-07-20 10:51:37,1376.6,130373.0
2031,2021-07-20 10:51:35,1376.5,130333.0
2032,2021-07-20 10:51:33,1376.5,130331.0
2033,2021-07-20 10:51:31,1376.5,130298.0
2034,2021-07-20 10:51:29,1376.5,130288.0
2035,2021-07-20 10:51:27,1376.5,130267.0
2036,2021-07-20 10:51:25,1376.5,130261.0
2037,2021-07-20 10:51:23,1376.5,130247.0
2038,2021-07-20 10:51:22,1376.5,130243.0
2039,2021-07-20 10:51:19,1376.5,130218.0
2040,2021-07-20 10:51:17,1376.6,130173.0
2041,2021-07-20 10:51:15,1376.7,130122.0
2042,2021-07-20 10:51:13,1376.7,130101.0
2043,2021-07-20 10:51:11,1376.7,130065.0
2044,2021-07-20 10:51:09,1376.6,130045.0
2045,2021-07-20 10:51:07,1376.9,130039.0
2046,2021-07-20 10:51:05,1376.7,130035.0
2047,2021-07-20 10:51:03,1377.0,130019.0
2048,2021-07-20 10:51:01,1377.0,130009.0
2049,2021-07-20 10:50:59,1377.0,129993.0
2050,2021-07-20 10:50:57,1377.0,129986.0
2051,2021-07-20 10:50:55,1376.9,129984.0
2052,2021-07-20 10:50:53,1376.7,129983.0
2053,2021-07-20 10:50:51,1377.0,129980.0
2054,2021-07-20 10:50:47,1377.0,129960.0
2055,2021-07-20 10:50:44,1377.0,129934.0
2056,2021-07-20 10:50:39,1376.7,129908.0
2057,2021-07-20 10:50:35,1377.0,129829.0
2058,2021-07-20 10:50:28,1377.0,129735.0
2059,2021-07-20 10:50:27,1377.2,129709.0
2060,2021-07-20 10:50:25,1377.0,129692.0
2061,2021-07-20 10:50:23,1377.0,129681.0
2062,2021-07-20 10:50:21,1377.0,129658.0
2063,2021-07-20 10:50:19,1377.1,129645.0
2064,2021-07-20 10:50:17,1377.0,129626.0
2065,2021-07-20 10:50:14,1377.0,129541.0
2066,2021-07-20 10:50:13,1376.9,129529.0
2067,2021-07-20 10:50:11,1376.9,129527.0
2068,2021-07-20 10:50:09,1376.9,129510.0
2069,2021-07-20 10:50:05,1377.0,129502.0
2070,2021-07-20 10:50:03,1376.6,129446.0
2071,2021-07-20 10:50:01,1376.6,129438.0
2072,2021-07-20 10:49:59,1376.6,129391.0
2073,2021-07-20 10:49:57,1376.9,129363.0
2074,2021-07-20 10:49:55,1376.7,129303.0
2075,2021-07-20 10:49:53,1376.6,129288.0
2076,2021-07-20 10:49:51,1376.6,129286.0
2077,2021-07-20 10:49:49,1376.6,129251.0
2078,2021-07-20 10:49:47,1376.8,129248.0
2079,2021-07-20 10:49:45,1376.6,129191.0
2080,2021-07-20 10:49:43,1376.8,129183.0
2081,2021-07-20 10:49:41,1376.8,129182.0
2082,2021-07-20 10:49:39,1376.7,129170.0
2083,2021-07-20 10:49:37,1376.8,129147.0
2084,2021-07-20 10:49:35,1377.1,129089.0
2085,2021-07-20 10:49:33,1376.8,129057.0
2086,2021-07-20 10:49:31,1377.0,129027.0
2087,2021-07-20 10:49:29,1377.0,129016.0
2088,2021-07-20 10:49:27,1377.0,128986.0
2089,2021-07-20 10:49:23,1377.0,128915.0
2090,2021-07-20 10:49:18,1377.0,128862.0
2091,2021-07-20 10:49:14,1377.6,128784.0
2092,2021-07-20 10:49:10,1377.6,128746.0
2093,2021-07-20 10:49:06,1377.6,128715.0
2094,2021-07-20 10:49:00,1377.3,128678.0
2095,2021-07-20 10:48:58,1377.6,128669.0
2096,2021-07-20 10:48:56,1377.6,128641.0
2097,2021-07-20 10:48:54,1377.0,128578.0
2098,2021-07-20 10:48:49,1377.0,128401.0
2099,2021-07-20 10:48:43,1377.0,128139.0
2100,2021-07-20 10:48:38,1376.8,128080.0
2101,2021-07-20 10:48:34,1376.7,127979.0
2102,2021-07-20 10:48:31,1376.7,127958.0
2103,2021-07-20 10:48:29,1377.2,127944.0
2104,2021-07-20 10:48:27,1377.0,127898.0
2105,2021-07-20 10:48:25,1377.0,127873.0
2106,2021-07-20 10:48:21,1377.1,127613.0
2107,2021-07-20 10:48:15,1377.2,127552.0
2108,2021-07-20 10:48:13,1377.3,127545.0
2109,2021-07-20 10:48:11,1377.2,127522.0
2110,2021-07-20 10:48:09,1377.5,127458.0
2111,2021-07-20 10:48:05,1377.5,127393.0
2112,2021-07-20 10:48:02,1377.5,127389.0
2113,2021-07-20 10:48:00,1377.7,127370.0
2114,2021-07-20 10:47:58,1377.5,127345.0
2115,2021-07-20 10:47:54,1377.7,127179.0
2116,2021-07-20 10:47:48,1377.0,127078.0
2117,2021-07-20 10:47:45,1377.6,127052.0
2118,2021-07-20 10:47:42,1377.2,127045.0
2119,2021-07-20 10:47:40,1377.2,127034.0
2120,2021-07-20 10:47:39,1377.5,126979.0
2121,2021-07-20 10:47:32,1377.0,126889.0
2122,2021-07-20 10:47:27,1376.9,126715.0
2123,2021-07-20 10:47:21,1376.5,126518.0
2124,2021-07-20 10:47:19,1376.5,126488.0
2125,2021-07-20 10:47:17,1376.6,126486.0
2126,2021-07-20 10:47:15,1376.3,126414.0
2127,2021-07-20 10:47:11,1376.3,126355.0
2128,2021-07-20 10:47:07,1376.0,126274.0
2129,2021-07-20 10:47:01,1376.0,126090.0
2130,2021-07-20 10:46:55,1375.9,125963.0
2131,2021-07-20 10:46:49,1376.0,125868.0
2132,2021-07-20 10:46:47,1376.0,125833.0
2133,2021-07-20 10:46:45,1376.0,125780.0
2134,2021-07-20 10:46:43,1376.0,125739.0
2135,2021-07-20 10:46:41,1376.5,125296.0
2136,2021-07-20 10:46:37,1376.6,125233.0
2137,2021-07-20 10:46:31,1376.5,125149.0
2138,2021-07-20 10:46:29,1376.8,125108.0
2139,2021-07-20 10:46:24,1376.3,124988.0
2140,2021-07-20 10:46:20,1376.6,124723.0
2141,2021-07-20 10:46:12,1376.4,124556.0
2142,2021-07-20 10:46:08,1376.0,124437.0
2143,2021-07-20 10:46:06,1376.0,124313.0
2144,2021-07-20 10:46:04,1376.0,124278.0
2145,2021-07-20 10:46:01,1375.5,124138.0
2146,2021-07-20 10:45:59,1376.0,124096.0
2147,2021-07-20 10:45:56,1375.9,123936.0
2148,2021-07-20 10:45:55,1375.9,123849.0
2149,2021-07-20 10:45:53,1375.1,123774.0
2150,2021-07-20 10:45:51,1375.8,123706.0
2151,2021-07-20 10:45:49,1375.6,123646.0
2152,2021-07-20 10:45:46,1375.4,123623.0
2153,2021-07-20 10:45:44,1375.1,123579.0
2154,2021-07-20 10:45:42,1375.0,123496.0
2155,2021-07-20 10:45:40,1375.0,123409.0
2156,2021-07-20 10:45:37,1375.0,123245.0
2157,2021-07-20 10:45:35,1375.0,123171.0
2158,2021-07-20 10:45:33,1374.4,123086.0
2159,2021-07-20 10:45:31,1374.8,123007.0
2160,2021-07-20 10:45:29,1374.9,122996.0
2161,2021-07-20 10:45:27,1374.4,122889.0
2162,2021-07-20 10:45:25,1374.0,122845.0
2163,2021-07-20 10:45:23,1374.4,122717.0
2164,2021-07-20 10:45:20,1374.0,122650.0
2165,2021-07-20 10:45:18,1374.3,122485.0
2166,2021-07-20 10:45:14,1374.0,122425.0
2167,2021-07-20 10:45:12,1374.3,122395.0
2168,2021-07-20 10:45:10,1374.0,122358.0
2169,2021-07-20 10:45:08,1373.5,122040.0
2170,2021-07-20 10:45:01,1373.3,121910.0
2171,2021-07-20 10:44:55,1372.8,121738.0
2172,2021-07-20 10:44:49,1372.2,121683.0
2173,2021-07-20 10:44:43,1372.4,121529.0
2174,2021-07-20 10:44:41,1372.3,121494.0
2175,2021-07-20 10:44:40,1372.1,121445.0
2176,2021-07-20 10:44:38,1372.2,121401.0
2177,2021-07-20 10:44:36,1372.0,121351.0
2178,2021-07-20 10:44:33,1372.1,121306.0
2179,2021-07-20 10:44:31,1372.0,121280.0
2180,2021-07-20 10:44:29,1372.3,121260.0
2181,2021-07-20 10:44:27,1372.1,121210.0
2182,2021-07-20 10:44:25,1372.1,121209.0
2183,2021-07-20 10:44:23,1372.4,121064.0
2184,2021-07-20 10:44:21,1372.5,121045.0
2185,2021-07-20 10:44:19,1372.5,121035.0
2186,2021-07-20 10:44:17,1372.4,121003.0
2187,2021-07-20 10:44:15,1372.7,120969.0
2188,2021-07-20 10:44:13,1373.0,120926.0
2189,2021-07-20 10:44:10,1373.1,120856.0
2190,2021-07-20 10:44:08,1373.0,120809.0
2191,2021-07-20 10:44:07,1373.2,120691.0
2192,2021-07-20 10:44:05,1373.0,120669.0
2193,2021-07-20 10:44:02,1373.3,120629.0
2194,2021-07-20 10:43:59,1373.4,120523.0
2195,2021-07-20 10:43:53,1373.4,120467.0
2196,2021-07-20 10:43:48,1373.4,120444.0
2197,2021-07-20 10:43:42,1373.4,120414.0
2198,2021-07-20 10:43:40,1373.4,120311.0
2199,2021-07-20 10:43:38,1373.8,120293.0
2200,2021-07-20 10:43:34,1373.1,120275.0
2201,2021-07-20 10:43:29,1373.4,120209.0
2202,2021-07-20 10:43:24,1374.0,120145.0
2203,2021-07-20 10:43:18,1373.4,120014.0
2204,2021-07-20 10:43:15,1373.8,119961.0
2205,2021-07-20 10:43:11,1373.4,119869.0
2206,2021-07-20 10:43:09,1373.3,119841.0
2207,2021-07-20 10:43:04,1373.3,119806.0
2208,2021-07-20 10:43:02,1373.5,119789.0
2209,2021-07-20 10:43:01,1373.4,119780.0
2210,2021-07-20 10:42:58,1373.1,119745.0
2211,2021-07-20 10:42:54,1373.2,119665.0
2212,2021-07-20 10:42:51,1374.2,119568.0
2213,2021-07-20 10:42:49,1374.5,119561.0
2214,2021-07-20 10:42:47,1374.0,119517.0
2215,2021-07-20 10:42:45,1374.0,119504.0
2216,2021-07-20 10:42:39,1373.0,119386.0
2217,2021-07-20 10:42:37,1373.0,119363.0
2218,2021-07-20 10:42:35,1372.9,119314.0
2219,2021-07-20 10:42:33,1372.6,119262.0
2220,2021-07-20 10:42:29,1372.9,119189.0
2221,2021-07-20 10:42:23,1372.5,119123.0
2222,2021-07-20 10:42:17,1372.5,119008.0
2223,2021-07-20 10:42:13,1372.5,118951.0
2224,2021-07-20 10:42:06,1372.2,118846.0
2225,2021-07-20 10:42:03,1372.5,118763.0
2226,2021-07-20 10:41:59,1372.3,118746.0
2227,2021-07-20 10:41:57,1372.3,118733.0
2228,2021-07-20 10:41:55,1372.0,118715.0
2229,2021-07-20 10:41:53,1373.0,118591.0
2230,2021-07-20 10:41:47,1372.0,118397.0
2231,2021-07-20 10:41:38,1371.2,118127.0
2232,2021-07-20 10:41:32,1371.8,117748.0
2233,2021-07-20 10:41:27,1371.6,117604.0
2234,2021-07-20 10:41:23,1372.0,117470.0
2235,2021-07-20 10:41:21,1371.8,117415.0
2236,2021-07-20 10:41:19,1372.0,117140.0
2237,2021-07-20 10:41:15,1372.0,116875.0
2238,2021-07-20 10:41:12,1372.3,116791.0
2239,2021-07-20 10:41:08,1373.0,116632.0
2240,2021-07-20 10:41:01,1373.2,116153.0
2241,2021-07-20 10:40:57,1373.1,116112.0
2242,2021-07-20 10:40:53,1373.3,116042.0
2243,2021-07-20 10:40:51,1373.3,115974.0
2244,2021-07-20 10:40:49,1373.4,115967.0
2245,2021-07-20 10:40:47,1373.4,115908.0
2246,2021-07-20 10:40:41,1373.4,115831.0
2247,2021-07-20 10:40:36,1373.5,115805.0
2248,2021-07-20 10:40:34,1374.0,115779.0
2249,2021-07-20 10:40:32,1374.0,115741.0
2250,2021-07-20 10:40:30,1373.6,115621.0
2251,2021-07-20 10:40:27,1374.2,115544.0
2252,2021-07-20 10:40:22,1374.1,115451.0
2253,2021-07-20 10:40:19,1374.3,115380.0
2254,2021-07-20 10:40:17,1374.5,115256.0
2255,2021-07-20 10:40:12,1374.7,115221.0
2256,2021-07-20 10:40:06,1374.9,115169.0
2257,2021-07-20 10:40:02,1374.9,115142.0
2258,2021-07-20 10:40:00,1375.0,115110.0
2259,2021-07-20 10:39:58,1375.4,115096.0
2260,2021-07-20 10:39:56,1375.2,114993.0
2261,2021-07-20 10:39:54,1375.3,114982.0
2262,2021-07-20 10:39:52,1375.4,114934.0
2263,2021-07-20 10:39:50,1375.7,114912.0
2264,2021-07-20 10:39:48,1375.8,114871.0
2265,2021-07-20 10:39:46,1375.8,114863.0
2266,2021-07-20 10:39:44,1375.8,114847.0
2267,2021-07-20 10:39:42,1375.8,114810.0
2268,2021-07-20 10:39:40,1375.8,114655.0
2269,2021-07-20 10:39:38,1376.4,114629.0
2270,2021-07-20 10:39:36,1376.0,114462.0
2271,2021-07-20 10:39:34,1375.7,114446.0
2272,2021-07-20 10:39:30,1375.4,114366.0
2273,2021-07-20 10:39:25,1375.0,114249.0
2274,2021-07-20 10:39:19,1374.9,114042.0
2275,2021-07-20 10:39:15,1374.8,113993.0
2276,2021-07-20 10:39:10,1374.5,113945.0
2277,2021-07-20 10:39:08,1374.9,113930.0
2278,2021-07-20 10:39:06,1374.9,113879.0
2279,2021-07-20 10:39:04,1374.8,113823.0
2280,2021-07-20 10:39:02,1374.5,113797.0
2281,2021-07-20 10:39:00,1374.5,113783.0
2282,2021-07-20 10:38:58,1374.5,113767.0
2283,2021-07-20 10:38:56,1374.5,113759.0
2284,2021-07-20 10:38:54,1374.6,113735.0
2285,2021-07-20 10:38:53,1374.4,113690.0
2286,2021-07-20 10:38:51,1374.4,113683.0
2287,2021-07-20 10:38:49,1374.5,113674.0
2288,2021-07-20 10:38:47,1374.1,113654.0
2289,2021-07-20 10:38:44,1374.5,113574.0
2290,2021-07-20 10:38:42,1374.4,113545.0
2291,2021-07-20 10:38:40,1373.8,113513.0
2292,2021-07-20 10:38:38,1374.0,113436.0
2293,2021-07-20 10:38:36,1374.0,113415.0
2294,2021-07-20 10:38:34,1373.8,113245.0
2295,2021-07-20 10:38:32,1373.6,113231.0
2296,2021-07-20 10:38:31,1373.7,113164.0
2297,2021-07-20 10:38:28,1373.5,113071.0
2298,2021-07-20 10:38:27,1373.5,113069.0
2299,2021-07-20 10:38:24,1374.0,112826.0
2300,2021-07-20 10:38:22,1374.1,112795.0
2301,2021-07-20 10:38:20,1374.1,112747.0
2302,2021-07-20 10:38:18,1374.1,112741.0
2303,2021-07-20 10:38:14,1374.0,112699.0
2304,2021-07-20 10:38:13,1374.5,112603.0
2305,2021-07-20 10:38:06,1374.1,112535.0
2306,2021-07-20 10:38:02,1374.9,112416.0
2307,2021-07-20 10:37:56,1374.5,112342.0
2308,2021-07-20 10:37:52,1374.8,112289.0
2309,2021-07-20 10:37:48,1374.9,112262.0
2310,2021-07-20 10:37:46,1374.9,112239.0
2311,2021-07-20 10:37:45,1374.7,112238.0
2312,2021-07-20 10:37:42,1374.7,112184.0
2313,2021-07-20 10:37:38,1374.7,112120.0
2314,2021-07-20 10:37:33,1374.9,112005.0
2315,2021-07-20 10:37:29,1374.7,111883.0
2316,2021-07-20 10:37:22,1374.8,111825.0
2317,2021-07-20 10:37:18,1374.7,111781.0
2318,2021-07-20 10:37:14,1374.4,111763.0
2319,2021-07-20 10:37:12,1375.0,111722.0
2320,2021-07-20 10:37:10,1374.4,111711.0
2321,2021-07-20 10:37:06,1374.4,111615.0
2322,2021-07-20 10:37:01,1374.2,111466.0
2323,2021-07-20 10:36:54,1373.5,111228.0
2324,2021-07-20 10:36:48,1373.6,111071.0
2325,2021-07-20 10:36:44,1373.5,110972.0
2326,2021-07-20 10:36:42,1373.6,110896.0
2327,2021-07-20 10:36:40,1373.3,110838.0
2328,2021-07-20 10:36:38,1374.1,110814.0
2329,2021-07-20 10:36:36,1373.6,110710.0
2330,2021-07-20 10:36:34,1374.0,110640.0
2331,2021-07-20 10:36:32,1375.0,110124.0
2332,2021-07-20 10:36:28,1374.4,110080.0
2333,2021-07-20 10:36:26,1375.0,109939.0
2334,2021-07-20 10:36:24,1375.0,109907.0
2335,2021-07-20 10:36:20,1375.1,109754.0
2336,2021-07-20 10:36:14,1375.2,109611.0
2337,2021-07-20 10:36:09,1375.4,109402.0
2338,2021-07-20 10:36:04,1375.2,109330.0
2339,2021-07-20 10:35:59,1375.5,109264.0
2340,2021-07-20 10:35:55,1375.6,109224.0
2341,2021-07-20 10:35:50,1375.8,109202.0
2342,2021-07-20 10:35:46,1376.0,109146.0
2343,2021-07-20 10:35:44,1376.0,109125.0
2344,2021-07-20 10:35:42,1376.1,109085.0
2345,2021-07-20 10:35:38,1376.1,109039.0
2346,2021-07-20 10:35:34,1376.2,108979.0
2347,2021-07-20 10:35:30,1376.1,108939.0
2348,2021-07-20 10:35:26,1376.2,108899.0
2349,2021-07-20 10:35:21,1376.5,108887.0
2350,2021-07-20 10:35:18,1376.4,108874.0
2351,2021-07-20 10:35:16,1377.5,108789.0
2352,2021-07-20 10:35:12,1377.0,108757.0
2353,2021-07-20 10:35:06,1377.3,108632.0
2354,2021-07-20 10:35:02,1377.0,108624.0
2355,2021-07-20 10:34:58,1377.2,108578.0
2356,2021-07-20 10:34:52,1377.8,108470.0
2357,2021-07-20 10:34:49,1377.3,108390.0
2358,2021-07-20 10:34:46,1377.6,108366.0
2359,2021-07-20 10:34:44,1377.7,108365.0
2360,2021-07-20 10:34:43,1377.5,108349.0
2361,2021-07-20 10:34:38,1377.7,108329.0
2362,2021-07-20 10:34:35,1377.2,108300.0
2363,2021-07-20 10:34:30,1377.5,108286.0
2364,2021-07-20 10:34:29,1377.6,108278.0
2365,2021-07-20 10:34:24,1377.6,108270.0
2366,2021-07-20 10:34:20,1377.8,108205.0
2367,2021-07-20 10:34:16,1377.1,108151.0
2368,2021-07-20 10:34:12,1377.2,108117.0
2369,2021-07-20 10:34:08,1377.8,108099.0
2370,2021-07-20 10:34:07,1377.8,108080.0
2371,2021-07-20 10:34:05,1377.3,108024.0
2372,2021-07-20 10:34:03,1377.3,108014.0
2373,2021-07-20 10:34:01,1377.9,107993.0
2374,2021-07-20 10:33:58,1377.1,107962.0
2375,2021-07-20 10:33:56,1377.0,107921.0
2376,2021-07-20 10:33:54,1377.3,107912.0
2377,2021-07-20 10:33:52,1377.0,107880.0
2378,2021-07-20 10:33:50,1377.3,107780.0
2379,2021-07-20 10:33:48,1377.3,107769.0
2380,2021-07-20 10:33:46,1377.0,107765.0
2381,2021-07-20 10:33:45,1377.4,107748.0
2382,2021-07-20 10:33:43,1377.0,107703.0
2383,2021-07-20 10:33:40,1377.0,107698.0
2384,2021-07-20 10:33:38,1376.8,107671.0
2385,2021-07-20 10:33:36,1376.7,107624.0
2386,2021-07-20 10:33:34,1377.0,107571.0
2387,2021-07-20 10:33:32,1376.5,107540.0
2388,2021-07-20 10:33:30,1376.5,107406.0
2389,2021-07-20 10:33:28,1376.2,107350.0
2390,2021-07-20 10:33:22,1376.1,107222.0
2391,2021-07-20 10:33:16,1375.9,107028.0
2392,2021-07-20 10:33:08,1376.0,106834.0
2393,2021-07-20 10:33:01,1375.9,106468.0
2394,2021-07-20 10:32:54,1376.4,106218.0
2395,2021-07-20 10:32:52,1376.3,106207.0
2396,2021-07-20 10:32:50,1376.5,106108.0
2397,2021-07-20 10:32:48,1377.0,106018.0
2398,2021-07-20 10:32:40,1377.3,105707.0
2399,2021-07-20 10:32:37,1377.1,105666.0
2400,2021-07-20 10:32:30,1377.8,105549.0
2401,2021-07-20 10:32:26,1377.3,105531.0
2402,2021-07-20 10:32:22,1377.6,105500.0
2403,2021-07-20 10:32:20,1377.8,105449.0
2404,2021-07-20 10:32:18,1377.8,105426.0
2405,2021-07-20 10:32:14,1377.8,105413.0
2406,2021-07-20 10:32:10,1377.5,105399.0
2407,2021-07-20 10:32:08,1377.5,105390.0
2408,2021-07-20 10:32:06,1377.8,105349.0
2409,2021-07-20 10:32:05,1377.8,105342.0
2410,2021-07-20 10:32:02,1377.8,105132.0
2411,2021-07-20 10:32:00,1377.5,105126.0
2412,2021-07-20 10:31:58,1377.8,105120.0
2413,2021-07-20 10:31:56,1377.8,105076.0
2414,2021-07-20 10:31:55,1377.8,104980.0
2415,2021-07-20 10:31:52,1377.8,104920.0
2416,2021-07-20 10:31:48,1378.0,104768.0
2417,2021-07-20 10:31:42,1378.4,104685.0
2418,2021-07-20 10:31:38,1378.2,104651.0
2419,2021-07-20 10:31:34,1378.4,104626.0
2420,2021-07-20 10:31:30,1378.4,104573.0
2421,2021-07-20 10:31:24,1378.2,104503.0
2422,2021-07-20 10:31:18,1378.4,104411.0
2423,2021-07-20 10:31:16,1378.4,104387.0
2424,2021-07-20 10:31:14,1378.5,104379.0
2425,2021-07-20 10:31:10,1378.4,104369.0
2426,2021-07-20 10:31:06,1378.6,104346.0
2427,2021-07-20 10:31:02,1378.7,104324.0
2428,2021-07-20 10:30:58,1378.9,104282.0
2429,2021-07-20 10:30:54,1378.9,104275.0
2430,2021-07-20 10:30:50,1379.0,104268.0
2431,2021-07-20 10:30:48,1379.5,104256.0
2432,2021-07-20 10:30:44,1379.0,104255.0
2433,2021-07-20 10:30:41,1379.5,104252.0
2434,2021-07-20 10:30:38,1379.1,104241.0
2435,2021-07-20 10:30:30,1379.5,104233.0
2436,2021-07-20 10:30:26,1379.8,104207.0
2437,2021-07-20 10:30:22,1379.8,104202.0
2438,2021-07-20 10:30:16,1379.9,104199.0
2439,2021-07-20 10:30:15,1378.9,104153.0
2440,2021-07-20 10:30:12,1378.9,104130.0
2441,2021-07-20 10:30:08,1378.6,104099.0
2442,2021-07-20 10:30:06,1378.6,104097.0
2443,2021-07-20 10:30:04,1378.9,104079.0
2444,2021-07-20 10:30:02,1378.6,104077.0
2445,2021-07-20 10:30:00,1378.9,104058.0
2446,2021-07-20 10:29:58,1378.6,104056.0
2447,2021-07-20 10:29:54,1378.6,104051.0
2448,2021-07-20 10:29:48,1378.6,103904.0
2449,2021-07-20 10:29:46,1378.6,103900.0
2450,2021-07-20 10:29:42,1378.7,103888.0
2451,2021-07-20 10:29:38,1378.9,103871.0
2452,2021-07-20 10:29:34,1378.9,103862.0
2453,2021-07-20 10:29:30,1378.9,103848.0
2454,2021-07-20 10:29:26,1378.9,103824.0
2455,2021-07-20 10:29:24,1378.9,103823.0
2456,2021-07-20 10:29:22,1378.9,103822.0
2457,2021-07-20 10:29:20,1379.1,103759.0
2458,2021-07-20 10:29:18,1379.1,103756.0
2459,2021-07-20 10:29:16,1379.5,103704.0
2460,2021-07-20 10:29:12,1379.9,103684.0
2461,2021-07-20 10:29:08,1379.8,103637.0
2462,2021-07-20 10:29:04,1380.0,103633.0
2463,2021-07-20 10:29:00,1380.3,103606.0
2464,2021-07-20 10:28:56,1380.0,103602.0
