,Time,Price,Volume
0,2021-07-15 14:45:05,1431.8,246031.0
1,2021-07-15 14:30:01,1431.9,243257.0
2,2021-07-15 14:29:57,1433.3,243169.0
3,2021-07-15 14:29:54,1433.0,242958.0
4,2021-07-15 14:29:50,1433.3,242880.0
5,2021-07-15 14:29:46,1433.0,242787.0
6,2021-07-15 14:29:42,1433.4,242629.0
7,2021-07-15 14:29:39,1432.0,242574.0
8,2021-07-15 14:29:35,1431.0,242460.0
9,2021-07-15 14:29:32,1431.9,242400.0
10,2021-07-15 14:29:28,1430.9,242306.0
11,2021-07-15 14:29:24,1429.9,242215.0
12,2021-07-15 14:29:20,1430.0,242131.0
13,2021-07-15 14:29:16,1429.9,241983.0
14,2021-07-15 14:29:13,1428.5,241876.0
15,2021-07-15 14:29:09,1428.5,241818.0
16,2021-07-15 14:29:05,1430.0,241710.0
17,2021-07-15 14:29:01,1431.1,241660.0
18,2021-07-15 14:28:58,1431.9,241633.0
19,2021-07-15 14:28:54,1431.9,241586.0
20,2021-07-15 14:28:46,1431.9,241448.0
21,2021-07-15 14:28:42,1431.1,241373.0
22,2021-07-15 14:28:35,1433.1,241262.0
23,2021-07-15 14:28:31,1432.1,241200.0
24,2021-07-15 14:28:27,1433.3,241120.0
25,2021-07-15 14:28:23,1433.7,241091.0
26,2021-07-15 14:28:16,1434.1,240961.0
27,2021-07-15 14:28:12,1434.5,240890.0
28,2021-07-15 14:28:09,1434.6,240860.0
29,2021-07-15 14:28:05,1434.5,240788.0
30,2021-07-15 14:28:01,1434.4,240715.0
31,2021-07-15 14:27:58,1434.6,240695.0
32,2021-07-15 14:27:54,1434.1,240654.0
33,2021-07-15 14:27:50,1434.8,240516.0
34,2021-07-15 14:27:46,1434.1,240417.0
35,2021-07-15 14:27:42,1434.5,240371.0
36,2021-07-15 14:27:38,1434.6,240189.0
37,2021-07-15 14:27:34,1434.0,240067.0
38,2021-07-15 14:27:30,1434.8,240037.0
39,2021-07-15 14:27:26,1433.8,239892.0
40,2021-07-15 14:27:22,1433.7,239787.0
41,2021-07-15 14:27:18,1433.1,239736.0
42,2021-07-15 14:27:14,1432.8,239673.0
43,2021-07-15 14:27:10,1432.8,239560.0
44,2021-07-15 14:27:06,1432.7,239458.0
45,2021-07-15 14:27:03,1432.8,239410.0
46,2021-07-15 14:26:59,1431.9,239289.0
47,2021-07-15 14:26:56,1432.0,239156.0
48,2021-07-15 14:26:53,1431.8,239081.0
49,2021-07-15 14:26:49,1431.0,239010.0
50,2021-07-15 14:26:45,1430.0,238787.0
51,2021-07-15 14:26:41,1429.4,238611.0
52,2021-07-15 14:26:34,1429.5,238522.0
53,2021-07-15 14:26:27,1428.8,238431.0
54,2021-07-15 14:26:23,1429.0,238369.0
55,2021-07-15 14:26:19,1429.4,238350.0
56,2021-07-15 14:26:15,1429.5,238289.0
57,2021-07-15 14:26:11,1429.4,238090.0
58,2021-07-15 14:26:08,1429.0,238052.0
59,2021-07-15 14:26:04,1428.6,237968.0
60,2021-07-15 14:26:00,1428.8,237862.0
61,2021-07-15 14:25:57,1428.5,237784.0
62,2021-07-15 14:25:54,1428.6,237666.0
63,2021-07-15 14:25:50,1428.5,237594.0
64,2021-07-15 14:25:46,1428.0,237528.0
65,2021-07-15 14:25:42,1427.9,237402.0
66,2021-07-15 14:25:38,1427.5,237374.0
67,2021-07-15 14:25:34,1427.7,237309.0
68,2021-07-15 14:25:30,1427.5,237293.0
69,2021-07-15 14:25:26,1427.1,237206.0
70,2021-07-15 14:25:22,1427.5,237148.0
71,2021-07-15 14:25:18,1426.8,237116.0
72,2021-07-15 14:25:14,1427.0,236904.0
73,2021-07-15 14:25:04,1427.0,236564.0
74,2021-07-15 14:25:00,1427.5,236392.0
75,2021-07-15 14:24:56,1427.5,236387.0
76,2021-07-15 14:24:52,1427.2,236231.0
77,2021-07-15 14:24:45,1426.5,236089.0
78,2021-07-15 14:24:41,1427.2,236008.0
79,2021-07-15 14:24:38,1426.0,235954.0
80,2021-07-15 14:24:34,1425.9,235822.0
81,2021-07-15 14:24:30,1427.0,235545.0
82,2021-07-15 14:24:23,1426.0,235416.0
83,2021-07-15 14:24:15,1425.1,235195.0
84,2021-07-15 14:24:08,1425.8,235096.0
85,2021-07-15 14:24:05,1425.1,235027.0
86,2021-07-15 14:24:01,1425.5,234846.0
87,2021-07-15 14:23:57,1426.3,234677.0
88,2021-07-15 14:23:53,1427.0,234535.0
89,2021-07-15 14:23:50,1427.0,234443.0
90,2021-07-15 14:23:46,1427.1,234328.0
91,2021-07-15 14:23:43,1426.8,234199.0
92,2021-07-15 14:23:39,1427.0,234007.0
93,2021-07-15 14:23:36,1427.1,233955.0
94,2021-07-15 14:23:32,1428.0,233788.0
95,2021-07-15 14:23:29,1428.5,233732.0
96,2021-07-15 14:23:25,1428.6,233604.0
97,2021-07-15 14:23:22,1428.5,233550.0
98,2021-07-15 14:23:18,1428.0,233421.0
99,2021-07-15 14:23:14,1428.8,233165.0
100,2021-07-15 14:23:10,1428.1,233059.0
101,2021-07-15 14:23:07,1428.6,232985.0
102,2021-07-15 14:23:03,1428.8,232886.0
103,2021-07-15 14:22:59,1428.8,232721.0
104,2021-07-15 14:22:55,1428.8,232582.0
105,2021-07-15 14:22:49,1428.0,231932.0
106,2021-07-15 14:22:42,1428.7,231655.0
107,2021-07-15 14:22:34,1428.0,231460.0
108,2021-07-15 14:22:31,1429.0,231324.0
109,2021-07-15 14:22:27,1429.1,231189.0
110,2021-07-15 14:22:23,1430.0,231014.0
111,2021-07-15 14:22:20,1430.5,230937.0
112,2021-07-15 14:22:16,1430.5,230801.0
113,2021-07-15 14:22:13,1431.0,230781.0
114,2021-07-15 14:22:09,1430.5,230653.0
115,2021-07-15 14:22:06,1432.0,230573.0
116,2021-07-15 14:22:02,1431.0,230461.0
117,2021-07-15 14:21:59,1431.7,230301.0
118,2021-07-15 14:21:55,1432.2,230216.0
119,2021-07-15 14:21:52,1432.1,230184.0
120,2021-07-15 14:21:48,1432.4,230116.0
121,2021-07-15 14:21:44,1433.1,230004.0
122,2021-07-15 14:21:41,1433.0,229975.0
123,2021-07-15 14:21:37,1433.5,229895.0
124,2021-07-15 14:21:34,1433.6,229872.0
125,2021-07-15 14:21:30,1433.7,229820.0
126,2021-07-15 14:21:27,1433.3,229801.0
127,2021-07-15 14:21:23,1434.2,229749.0
128,2021-07-15 14:21:19,1434.0,229667.0
129,2021-07-15 14:21:15,1433.5,229655.0
130,2021-07-15 14:21:12,1433.5,229619.0
131,2021-07-15 14:21:08,1434.0,229566.0
132,2021-07-15 14:21:00,1433.5,229516.0
133,2021-07-15 14:20:56,1434.0,229514.0
134,2021-07-15 14:20:53,1433.5,229450.0
135,2021-07-15 14:20:49,1434.2,229357.0
136,2021-07-15 14:20:45,1434.1,229318.0
137,2021-07-15 14:20:41,1433.5,229259.0
138,2021-07-15 14:20:37,1434.1,229164.0
139,2021-07-15 14:20:34,1434.2,229040.0
140,2021-07-15 14:20:26,1434.1,228974.0
141,2021-07-15 14:20:22,1434.3,228934.0
142,2021-07-15 14:20:18,1434.2,228900.0
143,2021-07-15 14:20:15,1434.6,228876.0
144,2021-07-15 14:20:12,1434.6,228852.0
145,2021-07-15 14:20:08,1434.5,228823.0
146,2021-07-15 14:20:05,1434.6,228817.0
147,2021-07-15 14:20:01,1434.8,228747.0
148,2021-07-15 14:19:58,1434.0,228738.0
149,2021-07-15 14:19:54,1434.1,228716.0
150,2021-07-15 14:19:51,1434.5,228683.0
151,2021-07-15 14:19:47,1434.2,228651.0
152,2021-07-15 14:19:43,1434.0,228612.0
153,2021-07-15 14:19:40,1434.0,228517.0
154,2021-07-15 14:19:36,1434.2,228479.0
155,2021-07-15 14:19:32,1434.2,228443.0
156,2021-07-15 14:19:25,1434.2,228431.0
157,2021-07-15 14:19:21,1435.0,228390.0
158,2021-07-15 14:19:13,1434.2,228208.0
159,2021-07-15 14:19:09,1434.5,228122.0
160,2021-07-15 14:19:06,1434.5,228086.0
161,2021-07-15 14:18:58,1434.3,228043.0
162,2021-07-15 14:18:51,1434.5,227971.0
163,2021-07-15 14:18:44,1434.0,227857.0
164,2021-07-15 14:18:40,1434.0,227801.0
165,2021-07-15 14:18:36,1434.0,227779.0
166,2021-07-15 14:18:32,1434.0,227754.0
167,2021-07-15 14:18:29,1434.4,227742.0
168,2021-07-15 14:18:25,1434.0,227722.0
169,2021-07-15 14:18:21,1433.8,227699.0
170,2021-07-15 14:18:18,1433.6,227664.0
171,2021-07-15 14:18:14,1434.0,227637.0
172,2021-07-15 14:18:10,1433.5,227582.0
173,2021-07-15 14:18:06,1433.6,227511.0
174,2021-07-15 14:18:02,1433.5,227404.0
175,2021-07-15 14:17:58,1433.2,227395.0
176,2021-07-15 14:17:55,1433.5,227348.0
177,2021-07-15 14:17:51,1433.8,227308.0
178,2021-07-15 14:17:47,1433.5,227196.0
179,2021-07-15 14:17:43,1435.0,227053.0
180,2021-07-15 14:17:40,1435.0,227011.0
181,2021-07-15 14:17:36,1435.8,226952.0
182,2021-07-15 14:17:33,1436.2,226797.0
183,2021-07-15 14:17:29,1436.1,226757.0
184,2021-07-15 14:17:26,1436.2,226703.0
185,2021-07-15 14:17:22,1436.3,226589.0
186,2021-07-15 14:17:18,1436.3,226530.0
187,2021-07-15 14:17:15,1436.2,226483.0
188,2021-07-15 14:17:11,1436.3,226423.0
189,2021-07-15 14:17:08,1436.2,226402.0
190,2021-07-15 14:17:05,1436.5,226377.0
191,2021-07-15 14:17:01,1436.2,226353.0
192,2021-07-15 14:16:58,1436.5,226300.0
193,2021-07-15 14:16:54,1436.0,226262.0
194,2021-07-15 14:16:49,1436.0,226185.0
195,2021-07-15 14:16:46,1436.7,226059.0
196,2021-07-15 14:16:38,1436.0,225945.0
197,2021-07-15 14:16:35,1436.0,225840.0
198,2021-07-15 14:16:31,1436.0,225789.0
199,2021-07-15 14:16:24,1436.0,225689.0
200,2021-07-15 14:16:20,1436.0,225617.0
201,2021-07-15 14:16:17,1435.9,225579.0
202,2021-07-15 14:16:13,1435.7,225465.0
203,2021-07-15 14:16:09,1435.5,225379.0
204,2021-07-15 14:16:05,1435.4,225283.0
205,2021-07-15 14:16:01,1435.7,225157.0
206,2021-07-15 14:15:58,1435.5,225136.0
207,2021-07-15 14:15:54,1434.9,225054.0
208,2021-07-15 14:15:51,1435.0,224898.0
209,2021-07-15 14:15:47,1434.9,224862.0
210,2021-07-15 14:15:44,1434.4,224794.0
211,2021-07-15 14:15:40,1434.7,224737.0
212,2021-07-15 14:15:36,1434.4,224681.0
213,2021-07-15 14:15:32,1434.0,224657.0
214,2021-07-15 14:15:28,1433.9,224587.0
215,2021-07-15 14:15:25,1434.0,224580.0
216,2021-07-15 14:15:21,1434.4,224566.0
217,2021-07-15 14:15:18,1434.1,224469.0
218,2021-07-15 14:15:14,1434.0,224390.0
219,2021-07-15 14:15:10,1434.4,224199.0
220,2021-07-15 14:15:06,1434.4,224091.0
221,2021-07-15 14:15:03,1434.4,223986.0
222,2021-07-15 14:14:56,1434.0,223856.0
223,2021-07-15 14:14:49,1434.5,223778.0
224,2021-07-15 14:14:46,1434.0,223668.0
225,2021-07-15 14:14:39,1434.0,223585.0
226,2021-07-15 14:14:36,1433.5,223492.0
227,2021-07-15 14:14:29,1433.0,223246.0
228,2021-07-15 14:14:25,1433.0,223148.0
229,2021-07-15 14:14:18,1432.2,223045.0
230,2021-07-15 14:14:15,1432.8,222955.0
231,2021-07-15 14:14:08,1432.0,222938.0
232,2021-07-15 14:14:05,1432.8,222896.0
233,2021-07-15 14:14:01,1432.2,222812.0
234,2021-07-15 14:13:58,1432.2,222809.0
235,2021-07-15 14:13:55,1432.1,222750.0
236,2021-07-15 14:13:51,1432.0,222740.0
237,2021-07-15 14:13:48,1432.0,222705.0
238,2021-07-15 14:13:45,1432.0,222656.0
239,2021-07-15 14:13:41,1431.9,222619.0
240,2021-07-15 14:13:37,1432.0,222603.0
241,2021-07-15 14:13:34,1432.0,222578.0
242,2021-07-15 14:13:30,1431.9,222576.0
243,2021-07-15 14:13:27,1432.0,222558.0
244,2021-07-15 14:13:24,1432.0,222535.0
245,2021-07-15 14:13:20,1432.0,222492.0
246,2021-07-15 14:13:17,1432.2,222467.0
247,2021-07-15 14:13:14,1432.5,222444.0
248,2021-07-15 14:13:10,1432.2,222341.0
249,2021-07-15 14:13:03,1432.5,222246.0
250,2021-07-15 14:12:58,1432.3,222168.0
251,2021-07-15 14:12:54,1432.5,222157.0
252,2021-07-15 14:12:50,1432.3,222108.0
253,2021-07-15 14:12:47,1432.8,221963.0
254,2021-07-15 14:12:40,1432.7,221927.0
255,2021-07-15 14:12:36,1432.8,221780.0
256,2021-07-15 14:12:29,1432.9,221677.0
257,2021-07-15 14:12:25,1432.5,221530.0
258,2021-07-15 14:12:17,1432.7,221488.0
259,2021-07-15 14:12:13,1432.2,221429.0
260,2021-07-15 14:12:10,1432.0,221351.0
261,2021-07-15 14:12:06,1432.0,221296.0
262,2021-07-15 14:12:03,1432.0,221273.0
263,2021-07-15 14:11:59,1431.5,221153.0
264,2021-07-15 14:11:56,1431.3,221089.0
265,2021-07-15 14:11:53,1431.2,221064.0
266,2021-07-15 14:11:49,1431.3,221017.0
267,2021-07-15 14:11:46,1430.4,220903.0
268,2021-07-15 14:11:42,1430.3,220835.0
269,2021-07-15 14:11:38,1430.3,220781.0
270,2021-07-15 14:11:35,1431.0,220627.0
271,2021-07-15 14:11:31,1430.3,220501.0
272,2021-07-15 14:11:28,1430.5,220347.0
273,2021-07-15 14:11:25,1431.0,220148.0
274,2021-07-15 14:11:21,1430.3,220133.0
275,2021-07-15 14:11:18,1431.0,220040.0
276,2021-07-15 14:11:15,1432.0,219988.0
277,2021-07-15 14:11:11,1431.0,219887.0
278,2021-07-15 14:11:08,1432.1,219770.0
279,2021-07-15 14:11:04,1432.6,219725.0
280,2021-07-15 14:11:01,1431.7,219670.0
281,2021-07-15 14:10:54,1432.7,219410.0
282,2021-07-15 14:10:51,1432.0,219357.0
283,2021-07-15 14:10:44,1431.6,219115.0
284,2021-07-15 14:10:37,1431.2,218878.0
285,2021-07-15 14:10:33,1431.3,218581.0
286,2021-07-15 14:10:25,1431.2,218381.0
287,2021-07-15 14:10:21,1431.2,218298.0
288,2021-07-15 14:10:18,1431.3,218260.0
289,2021-07-15 14:10:14,1432.0,217988.0
290,2021-07-15 14:10:11,1433.0,217965.0
291,2021-07-15 14:10:07,1432.4,217845.0
292,2021-07-15 14:10:04,1433.4,217624.0
293,2021-07-15 14:10:00,1433.1,217579.0
294,2021-07-15 14:09:57,1433.2,217548.0
295,2021-07-15 14:09:53,1434.0,217537.0
296,2021-07-15 14:09:49,1434.0,217482.0
297,2021-07-15 14:09:45,1434.3,217432.0
298,2021-07-15 14:09:41,1434.2,217389.0
299,2021-07-15 14:09:38,1434.8,217318.0
300,2021-07-15 14:09:34,1434.3,217282.0
301,2021-07-15 14:09:31,1434.8,217237.0
302,2021-07-15 14:09:28,1434.9,217223.0
303,2021-07-15 14:09:24,1434.9,217195.0
304,2021-07-15 14:09:21,1435.3,217176.0
305,2021-07-15 14:09:17,1435.6,217114.0
306,2021-07-15 14:09:13,1435.0,217092.0
307,2021-07-15 14:09:10,1435.0,217027.0
308,2021-07-15 14:09:06,1434.2,216916.0
309,2021-07-15 14:09:03,1434.0,216859.0
310,2021-07-15 14:09:00,1433.7,216759.0
311,2021-07-15 14:08:53,1433.6,216665.0
312,2021-07-15 14:08:49,1433.7,216561.0
313,2021-07-15 14:08:46,1434.0,216491.0
314,2021-07-15 14:08:39,1433.5,216447.0
315,2021-07-15 14:08:35,1434.3,216369.0
316,2021-07-15 14:08:28,1434.3,216219.0
317,2021-07-15 14:08:24,1434.3,216170.0
318,2021-07-15 14:08:21,1434.3,216162.0
319,2021-07-15 14:08:14,1434.7,216084.0
320,2021-07-15 14:08:10,1434.2,215989.0
321,2021-07-15 14:08:06,1434.7,215962.0
322,2021-07-15 14:08:02,1434.8,215918.0
323,2021-07-15 14:07:59,1434.7,215859.0
324,2021-07-15 14:07:55,1434.9,215787.0
325,2021-07-15 14:07:51,1435.3,215727.0
326,2021-07-15 14:07:48,1435.5,215649.0
327,2021-07-15 14:07:44,1435.3,215592.0
328,2021-07-15 14:07:40,1435.6,215526.0
329,2021-07-15 14:07:36,1435.6,215442.0
330,2021-07-15 14:07:33,1435.7,215383.0
331,2021-07-15 14:07:29,1435.1,215300.0
332,2021-07-15 14:07:26,1434.6,215152.0
333,2021-07-15 14:07:22,1435.0,215117.0
334,2021-07-15 14:07:19,1434.3,214994.0
335,2021-07-15 14:07:16,1434.3,214949.0
336,2021-07-15 14:07:12,1435.0,214895.0
337,2021-07-15 14:07:09,1434.3,214829.0
338,2021-07-15 14:07:05,1434.7,214794.0
339,2021-07-15 14:07:02,1435.0,214682.0
340,2021-07-15 14:06:55,1435.0,214413.0
341,2021-07-15 14:06:51,1434.8,214254.0
342,2021-07-15 14:06:44,1434.3,214191.0
343,2021-07-15 14:06:40,1434.3,214166.0
344,2021-07-15 14:06:37,1434.3,214046.0
345,2021-07-15 14:06:34,1434.0,213877.0
346,2021-07-15 14:06:31,1434.3,213644.0
347,2021-07-15 14:06:24,1434.0,213487.0
348,2021-07-15 14:06:17,1433.5,213275.0
349,2021-07-15 14:06:11,1433.6,213137.0
350,2021-07-15 14:06:07,1433.7,213080.0
351,2021-07-15 14:06:04,1433.6,212814.0
352,2021-07-15 14:06:00,1433.5,212620.0
353,2021-07-15 14:05:57,1435.1,212373.0
354,2021-07-15 14:05:54,1434.5,212237.0
355,2021-07-15 14:05:50,1435.1,211977.0
356,2021-07-15 14:05:47,1435.5,211790.0
357,2021-07-15 14:05:43,1436.0,211694.0
358,2021-07-15 14:05:40,1436.3,211584.0
359,2021-07-15 14:05:37,1436.5,211524.0
360,2021-07-15 14:05:33,1436.5,211476.0
361,2021-07-15 14:05:30,1436.9,211390.0
362,2021-07-15 14:05:27,1436.5,211341.0
363,2021-07-15 14:05:23,1437.0,211304.0
364,2021-07-15 14:05:20,1436.9,211247.0
365,2021-07-15 14:05:16,1437.0,211088.0
366,2021-07-15 14:05:13,1437.0,211042.0
367,2021-07-15 14:05:09,1438.0,210985.0
368,2021-07-15 14:05:06,1437.8,210906.0
369,2021-07-15 14:05:02,1438.0,210802.0
370,2021-07-15 14:04:59,1438.0,210761.0
371,2021-07-15 14:04:55,1438.5,210665.0
372,2021-07-15 14:04:52,1438.7,210659.0
373,2021-07-15 14:04:48,1438.7,210591.0
374,2021-07-15 14:04:42,1438.9,210513.0
375,2021-07-15 14:04:38,1439.3,210440.0
376,2021-07-15 14:04:35,1439.0,210426.0
377,2021-07-15 14:04:28,1439.4,210360.0
378,2021-07-15 14:04:24,1439.0,210329.0
379,2021-07-15 14:04:21,1439.6,210283.0
380,2021-07-15 14:04:17,1439.8,210152.0
381,2021-07-15 14:04:13,1439.9,210104.0
382,2021-07-15 14:04:10,1440.0,210039.0
383,2021-07-15 14:04:07,1440.1,209934.0
384,2021-07-15 14:04:04,1439.7,209869.0
385,2021-07-15 14:04:01,1440.0,209756.0
386,2021-07-15 14:03:57,1440.0,209574.0
387,2021-07-15 14:03:54,1440.0,209436.0
388,2021-07-15 14:03:51,1439.6,209315.0
389,2021-07-15 14:03:48,1439.0,208960.0
390,2021-07-15 14:03:45,1438.6,208833.0
391,2021-07-15 14:03:41,1438.4,208649.0
392,2021-07-15 14:03:37,1438.5,208555.0
393,2021-07-15 14:03:34,1438.2,208486.0
394,2021-07-15 14:03:30,1438.0,208459.0
395,2021-07-15 14:03:27,1437.8,208406.0
396,2021-07-15 14:03:23,1437.7,208240.0
397,2021-07-15 14:03:19,1437.9,208186.0
398,2021-07-15 14:03:15,1437.5,208072.0
399,2021-07-15 14:03:09,1437.8,207986.0
400,2021-07-15 14:03:05,1437.1,207818.0
401,2021-07-15 14:02:58,1436.5,207773.0
402,2021-07-15 14:02:55,1436.5,207653.0
403,2021-07-15 14:02:48,1436.8,207625.0
404,2021-07-15 14:02:44,1437.0,207591.0
405,2021-07-15 14:02:41,1437.4,207496.0
406,2021-07-15 14:02:38,1437.0,207417.0
407,2021-07-15 14:02:34,1437.5,207326.0
408,2021-07-15 14:02:31,1437.0,207293.0
409,2021-07-15 14:02:27,1437.0,207251.0
410,2021-07-15 14:02:21,1437.0,207222.0
411,2021-07-15 14:02:18,1437.5,207202.0
412,2021-07-15 14:02:15,1437.0,207135.0
413,2021-07-15 14:02:09,1437.0,207053.0
414,2021-07-15 14:02:06,1437.0,207018.0
415,2021-07-15 14:02:02,1437.0,206938.0
416,2021-07-15 14:01:59,1437.0,206858.0
417,2021-07-15 14:01:56,1436.5,206646.0
418,2021-07-15 14:01:49,1436.2,206545.0
419,2021-07-15 14:01:46,1436.2,206506.0
420,2021-07-15 14:01:40,1436.4,206473.0
421,2021-07-15 14:01:37,1436.5,206443.0
422,2021-07-15 14:01:34,1437.0,206410.0
423,2021-07-15 14:01:28,1437.1,206373.0
424,2021-07-15 14:01:23,1437.1,206292.0
425,2021-07-15 14:01:20,1437.1,206269.0
426,2021-07-15 14:01:16,1437.2,206228.0
427,2021-07-15 14:01:12,1437.1,206142.0
428,2021-07-15 14:01:09,1437.1,206081.0
429,2021-07-15 14:01:06,1437.2,206070.0
430,2021-07-15 14:01:02,1437.2,205996.0
431,2021-07-15 14:01:00,1437.1,205931.0
432,2021-07-15 14:00:56,1437.1,205913.0
433,2021-07-15 14:00:53,1437.0,205869.0
434,2021-07-15 14:00:50,1437.0,205827.0
435,2021-07-15 14:00:43,1436.9,205784.0
436,2021-07-15 14:00:40,1436.9,205748.0
437,2021-07-15 14:00:36,1436.5,205724.0
438,2021-07-15 14:00:33,1436.9,205689.0
439,2021-07-15 14:00:27,1436.4,205563.0
440,2021-07-15 14:00:24,1436.4,205529.0
441,2021-07-15 14:00:21,1436.4,205517.0
442,2021-07-15 14:00:14,1436.4,205414.0
443,2021-07-15 14:00:10,1436.2,205371.0
444,2021-07-15 14:00:07,1436.4,205288.0
445,2021-07-15 14:00:04,1436.1,205241.0
446,2021-07-15 14:00:01,1436.2,205207.0
447,2021-07-15 13:59:57,1436.0,205049.0
448,2021-07-15 13:59:54,1436.0,204893.0
449,2021-07-15 13:59:51,1436.2,204849.0
450,2021-07-15 13:59:48,1436.0,204789.0
451,2021-07-15 13:59:45,1436.2,204769.0
452,2021-07-15 13:59:42,1436.8,204714.0
453,2021-07-15 13:59:38,1436.2,204633.0
454,2021-07-15 13:59:35,1436.0,204498.0
455,2021-07-15 13:59:32,1436.8,204373.0
456,2021-07-15 13:59:29,1437.0,204328.0
457,2021-07-15 13:59:26,1437.0,204300.0
458,2021-07-15 13:59:22,1437.5,204082.0
459,2021-07-15 13:59:19,1437.2,203997.0
460,2021-07-15 13:59:16,1437.5,203862.0
461,2021-07-15 13:59:12,1437.9,203822.0
462,2021-07-15 13:59:09,1437.4,203670.0
463,2021-07-15 13:59:06,1437.5,203601.0
464,2021-07-15 13:59:02,1437.4,203458.0
465,2021-07-15 13:58:59,1437.3,203439.0
466,2021-07-15 13:58:56,1437.0,203412.0
467,2021-07-15 13:58:53,1437.0,203338.0
468,2021-07-15 13:58:50,1436.9,203274.0
469,2021-07-15 13:58:47,1437.0,203101.0
470,2021-07-15 13:58:41,1436.9,202817.0
471,2021-07-15 13:58:34,1436.3,202698.0
472,2021-07-15 13:58:31,1436.5,202658.0
473,2021-07-15 13:58:24,1436.2,202607.0
474,2021-07-15 13:58:20,1436.4,202537.0
475,2021-07-15 13:58:16,1436.2,202515.0
476,2021-07-15 13:58:13,1436.0,202469.0
477,2021-07-15 13:58:09,1436.2,202269.0
478,2021-07-15 13:58:06,1435.7,202262.0
479,2021-07-15 13:58:03,1435.9,202136.0
480,2021-07-15 13:57:59,1435.5,202089.0
481,2021-07-15 13:57:56,1435.8,201994.0
482,2021-07-15 13:57:53,1435.5,201882.0
483,2021-07-15 13:57:50,1435.4,201838.0
484,2021-07-15 13:57:46,1435.5,201720.0
485,2021-07-15 13:57:43,1435.4,201652.0
486,2021-07-15 13:57:39,1435.1,201546.0
487,2021-07-15 13:57:36,1435.1,201524.0
488,2021-07-15 13:57:33,1434.8,201496.0
489,2021-07-15 13:57:29,1434.8,201333.0
490,2021-07-15 13:57:26,1434.8,201264.0
491,2021-07-15 13:57:22,1435.0,201224.0
492,2021-07-15 13:57:19,1434.8,201169.0
493,2021-07-15 13:57:16,1434.6,201095.0
494,2021-07-15 13:57:09,1435.0,200871.0
495,2021-07-15 13:57:02,1434.3,200612.0
496,2021-07-15 13:56:53,1434.8,200360.0
497,2021-07-15 13:56:50,1434.2,200216.0
498,2021-07-15 13:56:43,1434.1,200171.0
499,2021-07-15 13:56:40,1433.8,200063.0
500,2021-07-15 13:56:33,1433.8,199893.0
501,2021-07-15 13:56:29,1434.0,199813.0
502,2021-07-15 13:56:25,1433.8,199686.0
503,2021-07-15 13:56:22,1434.0,199510.0
504,2021-07-15 13:56:16,1433.8,199198.0
505,2021-07-15 13:56:09,1433.9,198869.0
506,2021-07-15 13:56:06,1433.8,198824.0
507,2021-07-15 13:56:03,1434.2,198767.0
508,2021-07-15 13:56:00,1433.9,198715.0
509,2021-07-15 13:55:57,1434.4,198618.0
510,2021-07-15 13:55:54,1433.5,198551.0
511,2021-07-15 13:55:50,1433.8,198356.0
512,2021-07-15 13:55:47,1434.0,198272.0
513,2021-07-15 13:55:44,1433.4,198197.0
514,2021-07-15 13:55:41,1433.8,198099.0
515,2021-07-15 13:55:37,1433.4,198036.0
516,2021-07-15 13:55:34,1433.2,197993.0
517,2021-07-15 13:55:31,1432.5,197898.0
518,2021-07-15 13:55:27,1431.6,197840.0
519,2021-07-15 13:55:25,1432.2,197826.0
520,2021-07-15 13:55:21,1431.7,197610.0
521,2021-07-15 13:55:18,1431.0,197517.0
522,2021-07-15 13:55:15,1431.7,197444.0
523,2021-07-15 13:55:11,1431.0,197379.0
524,2021-07-15 13:55:08,1430.1,197363.0
525,2021-07-15 13:55:05,1430.8,197166.0
526,2021-07-15 13:54:56,1430.8,197037.0
527,2021-07-15 13:54:51,1430.8,196949.0
528,2021-07-15 13:54:47,1430.8,196905.0
529,2021-07-15 13:54:44,1431.0,196801.0
530,2021-07-15 13:54:41,1430.6,196788.0
531,2021-07-15 13:54:38,1430.8,196679.0
532,2021-07-15 13:54:34,1431.0,196579.0
533,2021-07-15 13:54:28,1430.5,196351.0
534,2021-07-15 13:54:21,1430.0,196200.0
535,2021-07-15 13:54:18,1430.0,196104.0
536,2021-07-15 13:54:08,1429.7,195940.0
537,2021-07-15 13:54:05,1429.9,195904.0
538,2021-07-15 13:54:02,1429.7,195811.0
539,2021-07-15 13:53:58,1429.8,195613.0
540,2021-07-15 13:53:55,1429.5,195472.0
541,2021-07-15 13:53:52,1429.8,195383.0
542,2021-07-15 13:53:49,1429.3,195317.0
543,2021-07-15 13:53:46,1429.5,195290.0
544,2021-07-15 13:53:43,1429.3,195241.0
545,2021-07-15 13:53:40,1428.9,195170.0
546,2021-07-15 13:53:37,1428.9,195112.0
547,2021-07-15 13:53:33,1428.5,195046.0
548,2021-07-15 13:53:30,1428.3,195013.0
549,2021-07-15 13:53:24,1428.4,194965.0
550,2021-07-15 13:53:21,1428.5,194944.0
551,2021-07-15 13:53:18,1429.0,194839.0
552,2021-07-15 13:53:11,1429.3,194799.0
553,2021-07-15 13:53:08,1429.3,194762.0
554,2021-07-15 13:53:05,1429.5,194731.0
555,2021-07-15 13:52:58,1429.3,194680.0
556,2021-07-15 13:52:55,1429.3,194588.0
557,2021-07-15 13:52:49,1429.4,194505.0
558,2021-07-15 13:52:46,1429.0,194471.0
559,2021-07-15 13:52:43,1429.4,194415.0
560,2021-07-15 13:52:37,1429.3,194367.0
561,2021-07-15 13:52:31,1429.6,194257.0
562,2021-07-15 13:52:28,1429.2,194162.0
563,2021-07-15 13:52:25,1429.2,194116.0
564,2021-07-15 13:52:22,1429.4,194077.0
565,2021-07-15 13:52:19,1429.1,194046.0
566,2021-07-15 13:52:15,1429.2,194001.0
567,2021-07-15 13:52:12,1429.1,193951.0
568,2021-07-15 13:52:09,1429.2,193774.0
569,2021-07-15 13:52:06,1429.4,193667.0
570,2021-07-15 13:52:03,1428.4,193577.0
571,2021-07-15 13:52:00,1429.0,193522.0
572,2021-07-15 13:51:57,1428.8,193364.0
573,2021-07-15 13:51:55,1428.4,193307.0
574,2021-07-15 13:51:51,1428.6,193148.0
575,2021-07-15 13:51:48,1428.4,193094.0
576,2021-07-15 13:51:46,1428.0,193019.0
577,2021-07-15 13:51:43,1428.0,192740.0
578,2021-07-15 13:51:39,1427.6,192465.0
579,2021-07-15 13:51:36,1427.5,192429.0
580,2021-07-15 13:51:33,1427.0,192301.0
581,2021-07-15 13:51:30,1427.0,192278.0
582,2021-07-15 13:51:27,1427.0,192074.0
583,2021-07-15 13:51:24,1426.5,192065.0
584,2021-07-15 13:51:21,1427.0,192035.0
585,2021-07-15 13:51:15,1426.8,191967.0
586,2021-07-15 13:51:12,1426.8,191949.0
587,2021-07-15 13:51:09,1426.5,191934.0
588,2021-07-15 13:51:03,1426.3,191908.0
589,2021-07-15 13:51:00,1426.2,191873.0
590,2021-07-15 13:50:56,1426.8,191867.0
591,2021-07-15 13:50:53,1426.5,191744.0
592,2021-07-15 13:50:50,1426.2,191742.0
593,2021-07-15 13:50:44,1427.0,191670.0
594,2021-07-15 13:50:40,1427.0,191657.0
595,2021-07-15 13:50:37,1426.8,191644.0
596,2021-07-15 13:50:34,1427.0,191623.0
597,2021-07-15 13:50:31,1426.9,191543.0
598,2021-07-15 13:50:27,1426.7,191515.0
599,2021-07-15 13:50:24,1426.0,191498.0
600,2021-07-15 13:50:21,1427.3,191458.0
601,2021-07-15 13:50:18,1426.9,191415.0
602,2021-07-15 13:50:12,1426.8,191348.0
603,2021-07-15 13:50:09,1426.9,191268.0
604,2021-07-15 13:50:06,1426.8,191247.0
605,2021-07-15 13:50:03,1426.8,191204.0
606,2021-07-15 13:50:00,1426.9,191136.0
607,2021-07-15 13:49:57,1426.8,191063.0
608,2021-07-15 13:49:54,1426.9,191028.0
609,2021-07-15 13:49:51,1426.8,190941.0
610,2021-07-15 13:49:48,1426.1,190897.0
611,2021-07-15 13:49:45,1426.5,190770.0
612,2021-07-15 13:49:42,1426.1,190722.0
613,2021-07-15 13:49:38,1425.8,190584.0
614,2021-07-15 13:49:35,1425.8,190579.0
615,2021-07-15 13:49:32,1425.7,190565.0
616,2021-07-15 13:49:28,1425.8,190559.0
617,2021-07-15 13:49:25,1425.3,190556.0
618,2021-07-15 13:49:22,1425.3,190490.0
619,2021-07-15 13:49:19,1425.3,190479.0
620,2021-07-15 13:49:17,1425.2,190334.0
621,2021-07-15 13:49:14,1425.3,190300.0
622,2021-07-15 13:49:08,1425.0,190279.0
623,2021-07-15 13:49:04,1425.1,190129.0
624,2021-07-15 13:48:59,1425.6,190009.0
625,2021-07-15 13:48:56,1425.5,189998.0
626,2021-07-15 13:48:53,1425.3,189994.0
627,2021-07-15 13:48:50,1425.8,189986.0
628,2021-07-15 13:48:47,1425.5,189975.0
629,2021-07-15 13:48:44,1425.6,189927.0
630,2021-07-15 13:48:38,1425.5,189830.0
631,2021-07-15 13:48:35,1425.6,189819.0
632,2021-07-15 13:48:32,1425.8,189815.0
633,2021-07-15 13:48:29,1425.3,189811.0
634,2021-07-15 13:48:26,1425.8,189792.0
635,2021-07-15 13:48:20,1425.6,189772.0
636,2021-07-15 13:48:16,1426.0,189749.0
637,2021-07-15 13:48:13,1425.8,189617.0
638,2021-07-15 13:48:07,1425.2,189602.0
639,2021-07-15 13:48:04,1425.8,189536.0
640,2021-07-15 13:48:01,1425.6,189528.0
641,2021-07-15 13:47:58,1425.5,189520.0
642,2021-07-15 13:47:55,1425.6,189513.0
643,2021-07-15 13:47:52,1425.9,189488.0
644,2021-07-15 13:47:45,1425.9,189456.0
645,2021-07-15 13:47:41,1425.8,189436.0
646,2021-07-15 13:47:38,1425.9,189424.0
647,2021-07-15 13:47:35,1425.8,189408.0
648,2021-07-15 13:47:32,1426.3,189363.0
649,2021-07-15 13:47:29,1426.3,189346.0
650,2021-07-15 13:47:25,1426.3,189323.0
651,2021-07-15 13:47:23,1426.4,189263.0
652,2021-07-15 13:47:20,1426.3,189231.0
653,2021-07-15 13:47:17,1426.3,189211.0
654,2021-07-15 13:47:14,1426.3,189151.0
655,2021-07-15 13:47:10,1426.3,189092.0
656,2021-07-15 13:47:07,1425.9,189066.0
657,2021-07-15 13:47:04,1425.5,189046.0
658,2021-07-15 13:47:01,1425.4,189039.0
659,2021-07-15 13:46:58,1425.5,188998.0
660,2021-07-15 13:46:55,1425.2,188985.0
661,2021-07-15 13:46:52,1425.3,188983.0
662,2021-07-15 13:46:49,1425.1,188968.0
663,2021-07-15 13:46:46,1425.2,188943.0
664,2021-07-15 13:46:40,1425.0,188875.0
665,2021-07-15 13:46:34,1425.0,188801.0
666,2021-07-15 13:46:31,1425.0,188784.0
667,2021-07-15 13:46:25,1425.0,188704.0
668,2021-07-15 13:46:19,1425.0,188557.0
669,2021-07-15 13:46:16,1425.0,188481.0
670,2021-07-15 13:46:13,1425.0,188444.0
671,2021-07-15 13:46:10,1424.8,188412.0
672,2021-07-15 13:46:06,1425.0,188396.0
673,2021-07-15 13:46:03,1424.6,188388.0
674,2021-07-15 13:46:00,1425.1,188349.0
675,2021-07-15 13:45:57,1424.8,188276.0
676,2021-07-15 13:45:54,1425.0,188213.0
677,2021-07-15 13:45:50,1425.3,187972.0
678,2021-07-15 13:45:47,1425.3,187948.0
679,2021-07-15 13:45:44,1425.4,187812.0
680,2021-07-15 13:45:41,1425.5,187747.0
681,2021-07-15 13:45:38,1425.3,187697.0
682,2021-07-15 13:45:35,1425.5,187619.0
683,2021-07-15 13:45:32,1425.5,187520.0
684,2021-07-15 13:45:28,1426.0,187414.0
685,2021-07-15 13:45:25,1426.0,187213.0
686,2021-07-15 13:45:22,1426.1,187191.0
687,2021-07-15 13:45:19,1426.4,187138.0
688,2021-07-15 13:45:12,1426.4,187051.0
689,2021-07-15 13:45:06,1426.5,186945.0
690,2021-07-15 13:45:02,1426.5,186892.0
691,2021-07-15 13:44:59,1426.2,186816.0
692,2021-07-15 13:44:55,1426.1,186794.0
693,2021-07-15 13:44:52,1426.6,186721.0
694,2021-07-15 13:44:49,1427.1,186582.0
695,2021-07-15 13:44:46,1427.0,186450.0
696,2021-07-15 13:44:43,1427.0,186330.0
697,2021-07-15 13:44:37,1426.9,186300.0
698,2021-07-15 13:44:31,1426.6,186226.0
699,2021-07-15 13:44:28,1427.0,186180.0
700,2021-07-15 13:44:22,1427.2,186077.0
701,2021-07-15 13:44:18,1427.4,186036.0
702,2021-07-15 13:44:15,1427.2,185978.0
703,2021-07-15 13:44:12,1427.5,185973.0
704,2021-07-15 13:44:09,1427.6,185889.0
705,2021-07-15 13:44:06,1427.5,185830.0
706,2021-07-15 13:44:03,1427.6,185797.0
707,2021-07-15 13:44:00,1427.6,185753.0
708,2021-07-15 13:43:57,1427.2,185694.0
709,2021-07-15 13:43:54,1427.0,185676.0
710,2021-07-15 13:43:51,1427.2,185634.0
711,2021-07-15 13:43:45,1427.2,185534.0
712,2021-07-15 13:43:39,1426.5,185481.0
713,2021-07-15 13:43:36,1427.0,185440.0
714,2021-07-15 13:43:32,1426.9,185438.0
715,2021-07-15 13:43:29,1427.2,185268.0
716,2021-07-15 13:43:27,1427.0,185119.0
717,2021-07-15 13:43:17,1427.2,184878.0
718,2021-07-15 13:43:14,1427.0,184826.0
719,2021-07-15 13:43:08,1427.2,184677.0
720,2021-07-15 13:43:05,1427.2,184570.0
721,2021-07-15 13:43:02,1427.2,184498.0
722,2021-07-15 13:42:57,1426.9,184198.0
723,2021-07-15 13:42:51,1426.6,184082.0
724,2021-07-15 13:42:45,1426.4,183980.0
725,2021-07-15 13:42:42,1426.0,183953.0
726,2021-07-15 13:42:38,1426.1,183939.0
727,2021-07-15 13:42:35,1425.6,183902.0
728,2021-07-15 13:42:30,1425.9,183805.0
729,2021-07-15 13:42:27,1425.1,183776.0
730,2021-07-15 13:42:21,1425.6,183730.0
731,2021-07-15 13:42:18,1425.6,183722.0
732,2021-07-15 13:42:15,1425.3,183706.0
733,2021-07-15 13:42:12,1425.1,183679.0
734,2021-07-15 13:42:09,1425.1,183672.0
735,2021-07-15 13:42:06,1425.0,183662.0
736,2021-07-15 13:42:03,1424.8,183612.0
737,2021-07-15 13:42:00,1425.3,183574.0
738,2021-07-15 13:41:58,1425.1,183543.0
739,2021-07-15 13:41:55,1425.0,183521.0
740,2021-07-15 13:41:52,1425.0,183465.0
741,2021-07-15 13:41:49,1425.0,183453.0
742,2021-07-15 13:41:46,1425.3,183442.0
743,2021-07-15 13:41:43,1425.0,183404.0
744,2021-07-15 13:41:40,1425.0,183378.0
745,2021-07-15 13:41:37,1425.0,183335.0
746,2021-07-15 13:41:34,1425.0,183271.0
747,2021-07-15 13:41:32,1425.5,183234.0
748,2021-07-15 13:41:29,1425.2,183202.0
749,2021-07-15 13:41:26,1425.6,183178.0
750,2021-07-15 13:41:23,1425.5,183166.0
751,2021-07-15 13:41:20,1426.0,183147.0
752,2021-07-15 13:41:18,1425.6,183122.0
753,2021-07-15 13:41:15,1426.0,182960.0
754,2021-07-15 13:41:12,1426.2,182892.0
755,2021-07-15 13:41:08,1426.0,182805.0
756,2021-07-15 13:41:06,1426.2,182794.0
757,2021-07-15 13:41:03,1425.8,182707.0
758,2021-07-15 13:41:00,1426.0,182641.0
759,2021-07-15 13:40:54,1425.6,182531.0
760,2021-07-15 13:40:51,1425.6,182468.0
761,2021-07-15 13:40:44,1425.5,182282.0
762,2021-07-15 13:40:39,1425.2,182242.0
763,2021-07-15 13:40:33,1424.7,181986.0
764,2021-07-15 13:40:27,1424.6,181976.0
765,2021-07-15 13:40:24,1424.4,181946.0
766,2021-07-15 13:40:21,1424.4,181927.0
767,2021-07-15 13:40:17,1424.4,181892.0
768,2021-07-15 13:40:15,1424.9,181869.0
769,2021-07-15 13:40:12,1424.4,181850.0
770,2021-07-15 13:40:09,1424.9,181801.0
771,2021-07-15 13:40:06,1424.4,181673.0
772,2021-07-15 13:40:03,1423.9,181622.0
773,2021-07-15 13:40:01,1424.0,181602.0
774,2021-07-15 13:39:58,1423.9,181580.0
775,2021-07-15 13:39:55,1424.0,181560.0
776,2021-07-15 13:39:52,1424.0,181512.0
777,2021-07-15 13:39:49,1424.0,181499.0
778,2021-07-15 13:39:46,1424.4,181478.0
779,2021-07-15 13:39:42,1424.9,181404.0
780,2021-07-15 13:39:39,1423.8,181355.0
781,2021-07-15 13:39:37,1424.0,181304.0
782,2021-07-15 13:39:34,1424.4,181249.0
783,2021-07-15 13:39:31,1424.4,181237.0
784,2021-07-15 13:39:28,1424.4,181157.0
785,2021-07-15 13:39:25,1425.0,181103.0
786,2021-07-15 13:39:22,1425.0,181059.0
787,2021-07-15 13:39:20,1424.1,180987.0
788,2021-07-15 13:39:17,1424.1,180943.0
789,2021-07-15 13:39:14,1423.7,180697.0
790,2021-07-15 13:39:11,1423.8,180638.0
791,2021-07-15 13:39:08,1423.7,180558.0
792,2021-07-15 13:39:05,1423.7,180497.0
793,2021-07-15 13:39:02,1423.6,180436.0
794,2021-07-15 13:38:56,1423.8,180375.0
795,2021-07-15 13:38:53,1423.6,180304.0
796,2021-07-15 13:38:47,1424.0,180254.0
797,2021-07-15 13:38:42,1424.0,180063.0
798,2021-07-15 13:38:35,1424.0,179930.0
799,2021-07-15 13:38:30,1424.2,179713.0
800,2021-07-15 13:38:27,1424.2,179703.0
801,2021-07-15 13:38:24,1424.3,179660.0
802,2021-07-15 13:38:18,1424.5,179561.0
803,2021-07-15 13:38:13,1424.5,179539.0
804,2021-07-15 13:38:10,1424.6,179494.0
805,2021-07-15 13:38:07,1424.5,179463.0
806,2021-07-15 13:38:05,1425.0,179419.0
807,2021-07-15 13:38:02,1425.0,179408.0
808,2021-07-15 13:37:59,1424.6,179388.0
809,2021-07-15 13:37:56,1424.4,179307.0
810,2021-07-15 13:37:53,1424.5,179298.0
811,2021-07-15 13:37:51,1424.4,179220.0
812,2021-07-15 13:37:48,1424.4,179197.0
813,2021-07-15 13:37:45,1424.6,179130.0
814,2021-07-15 13:37:42,1424.3,179035.0
815,2021-07-15 13:37:39,1424.3,178976.0
816,2021-07-15 13:37:36,1424.6,178816.0
817,2021-07-15 13:37:33,1424.8,178773.0
818,2021-07-15 13:37:30,1424.6,178753.0
819,2021-07-15 13:37:28,1424.8,178728.0
820,2021-07-15 13:37:24,1424.8,178630.0
821,2021-07-15 13:37:21,1424.8,178493.0
822,2021-07-15 13:37:19,1425.0,178436.0
823,2021-07-15 13:37:16,1424.8,178286.0
824,2021-07-15 13:37:13,1425.5,178258.0
825,2021-07-15 13:37:04,1425.4,178169.0
826,2021-07-15 13:36:58,1425.5,177992.0
827,2021-07-15 13:36:53,1425.4,177904.0
828,2021-07-15 13:36:50,1425.9,177842.0
829,2021-07-15 13:36:47,1426.0,177733.0
830,2021-07-15 13:36:42,1425.9,177592.0
831,2021-07-15 13:36:36,1425.5,177521.0
832,2021-07-15 13:36:33,1425.7,177479.0
833,2021-07-15 13:36:27,1425.5,177402.0
834,2021-07-15 13:36:21,1425.9,177369.0
835,2021-07-15 13:36:18,1425.5,177347.0
836,2021-07-15 13:36:15,1425.9,177314.0
837,2021-07-15 13:36:09,1425.9,177245.0
838,2021-07-15 13:36:05,1425.5,177202.0
839,2021-07-15 13:36:02,1426.0,177109.0
840,2021-07-15 13:36:00,1426.0,177094.0
841,2021-07-15 13:35:56,1425.8,177008.0
842,2021-07-15 13:35:53,1426.0,176927.0
843,2021-07-15 13:35:51,1426.0,176824.0
844,2021-07-15 13:35:48,1426.0,176783.0
845,2021-07-15 13:35:45,1426.0,176739.0
846,2021-07-15 13:35:42,1425.4,176641.0
847,2021-07-15 13:35:39,1425.8,176566.0
848,2021-07-15 13:35:36,1425.4,176438.0
849,2021-07-15 13:35:33,1425.6,176421.0
850,2021-07-15 13:35:30,1425.0,176287.0
851,2021-07-15 13:35:27,1425.1,176276.0
852,2021-07-15 13:35:25,1425.0,176238.0
853,2021-07-15 13:35:21,1425.0,176126.0
854,2021-07-15 13:35:19,1425.0,176124.0
855,2021-07-15 13:35:16,1424.1,175983.0
856,2021-07-15 13:35:13,1424.2,175965.0
857,2021-07-15 13:35:10,1425.0,175896.0
858,2021-07-15 13:35:04,1424.1,175771.0
859,2021-07-15 13:35:01,1425.0,175759.0
860,2021-07-15 13:34:54,1423.1,175315.0
861,2021-07-15 13:34:49,1423.5,175228.0
862,2021-07-15 13:34:41,1424.3,174993.0
863,2021-07-15 13:34:35,1424.3,174730.0
864,2021-07-15 13:34:31,1424.5,174557.0
865,2021-07-15 13:34:25,1424.0,174501.0
866,2021-07-15 13:34:22,1424.0,174500.0
867,2021-07-15 13:34:19,1423.8,174337.0
868,2021-07-15 13:34:16,1423.8,174323.0
869,2021-07-15 13:34:14,1423.8,174272.0
870,2021-07-15 13:34:11,1423.5,174116.0
871,2021-07-15 13:34:08,1423.8,174056.0
872,2021-07-15 13:34:05,1423.5,173941.0
873,2021-07-15 13:34:02,1423.8,173903.0
874,2021-07-15 13:34:00,1423.1,173845.0
875,2021-07-15 13:33:57,1423.0,173784.0
876,2021-07-15 13:33:54,1423.5,173758.0
877,2021-07-15 13:33:52,1422.8,173631.0
878,2021-07-15 13:33:49,1422.5,173559.0
879,2021-07-15 13:33:46,1422.5,173547.0
880,2021-07-15 13:33:43,1422.5,173526.0
881,2021-07-15 13:33:40,1422.5,173512.0
882,2021-07-15 13:33:37,1422.7,173486.0
883,2021-07-15 13:33:34,1422.6,173471.0
884,2021-07-15 13:33:31,1422.0,173396.0
885,2021-07-15 13:33:28,1422.5,173297.0
886,2021-07-15 13:33:25,1422.2,173272.0
887,2021-07-15 13:33:22,1422.0,173260.0
888,2021-07-15 13:33:19,1422.0,173157.0
889,2021-07-15 13:33:15,1422.6,173110.0
890,2021-07-15 13:33:12,1422.0,173079.0
891,2021-07-15 13:33:09,1422.5,173024.0
892,2021-07-15 13:33:06,1422.5,172984.0
893,2021-07-15 13:33:00,1422.5,172853.0
894,2021-07-15 13:32:57,1422.5,172760.0
895,2021-07-15 13:32:51,1422.8,172688.0
896,2021-07-15 13:32:48,1422.5,172527.0
897,2021-07-15 13:32:46,1422.8,172489.0
898,2021-07-15 13:32:43,1422.9,172466.0
899,2021-07-15 13:32:40,1422.6,172443.0
900,2021-07-15 13:32:37,1422.9,172429.0
901,2021-07-15 13:32:34,1422.8,172401.0
902,2021-07-15 13:32:29,1423.0,172366.0
903,2021-07-15 13:32:23,1422.6,172286.0
904,2021-07-15 13:32:18,1423.0,172244.0
905,2021-07-15 13:32:13,1422.6,172205.0
906,2021-07-15 13:32:10,1422.6,172112.0
907,2021-07-15 13:32:07,1422.4,172011.0
908,2021-07-15 13:32:03,1422.4,171962.0
909,2021-07-15 13:32:01,1422.6,171899.0
910,2021-07-15 13:31:58,1422.5,171849.0
911,2021-07-15 13:31:56,1423.0,171801.0
912,2021-07-15 13:31:53,1423.0,171730.0
913,2021-07-15 13:31:50,1423.3,171708.0
914,2021-07-15 13:31:48,1422.5,171704.0
915,2021-07-15 13:31:45,1423.4,171632.0
916,2021-07-15 13:31:42,1423.0,171603.0
917,2021-07-15 13:31:39,1423.0,171548.0
918,2021-07-15 13:31:36,1423.3,171497.0
919,2021-07-15 13:31:34,1423.3,171463.0
920,2021-07-15 13:31:31,1422.8,171321.0
921,2021-07-15 13:31:29,1423.0,171249.0
922,2021-07-15 13:31:26,1423.0,171223.0
923,2021-07-15 13:31:23,1423.0,171177.0
924,2021-07-15 13:31:20,1422.8,171064.0
925,2021-07-15 13:31:18,1422.5,171033.0
926,2021-07-15 13:31:15,1422.9,170975.0
927,2021-07-15 13:31:12,1423.0,170883.0
928,2021-07-15 13:31:09,1423.0,170840.0
929,2021-07-15 13:31:06,1422.5,170834.0
930,2021-07-15 13:31:03,1423.0,170809.0
931,2021-07-15 13:31:00,1423.0,170705.0
932,2021-07-15 13:30:53,1421.9,170406.0
933,2021-07-15 13:30:48,1421.8,170326.0
934,2021-07-15 13:30:45,1421.5,170270.0
935,2021-07-15 13:30:39,1421.8,170215.0
936,2021-07-15 13:30:37,1421.8,170213.0
937,2021-07-15 13:30:34,1421.3,170164.0
938,2021-07-15 13:30:29,1421.3,170067.0
939,2021-07-15 13:30:26,1421.1,169973.0
940,2021-07-15 13:30:20,1421.3,169859.0
941,2021-07-15 13:30:15,1421.0,169706.0
942,2021-07-15 13:30:09,1421.3,169619.0
943,2021-07-15 13:30:06,1421.2,169583.0
944,2021-07-15 13:30:04,1421.0,169511.0
945,2021-07-15 13:30:01,1421.2,169398.0
946,2021-07-15 13:29:58,1421.0,169372.0
947,2021-07-15 13:29:55,1421.5,169342.0
948,2021-07-15 13:29:53,1421.7,169330.0
949,2021-07-15 13:29:50,1421.6,169264.0
950,2021-07-15 13:29:47,1421.9,169222.0
951,2021-07-15 13:29:44,1421.5,169201.0
952,2021-07-15 13:29:41,1422.0,169195.0
953,2021-07-15 13:29:39,1422.0,169155.0
954,2021-07-15 13:29:36,1421.5,169126.0
955,2021-07-15 13:29:33,1422.0,169075.0
956,2021-07-15 13:29:30,1422.0,169018.0
957,2021-07-15 13:29:27,1421.4,168918.0
958,2021-07-15 13:29:25,1422.0,168905.0
959,2021-07-15 13:29:22,1422.0,168869.0
960,2021-07-15 13:29:20,1422.0,168767.0
961,2021-07-15 13:29:17,1421.2,168763.0
962,2021-07-15 13:29:15,1422.0,168669.0
963,2021-07-15 13:29:12,1422.1,168594.0
964,2021-07-15 13:29:09,1422.0,168526.0
965,2021-07-15 13:29:07,1422.3,168462.0
966,2021-07-15 13:29:04,1422.9,168407.0
967,2021-07-15 13:29:01,1422.9,168284.0
968,2021-07-15 13:28:58,1422.1,168194.0
969,2021-07-15 13:28:55,1422.1,168089.0
970,2021-07-15 13:28:49,1422.0,167741.0
971,2021-07-15 13:28:44,1422.9,167437.0
972,2021-07-15 13:28:28,1420.5,166878.0
973,2021-07-15 13:28:25,1421.2,166779.0
974,2021-07-15 13:28:22,1420.1,166425.0
975,2021-07-15 13:28:19,1419.2,166381.0
976,2021-07-15 13:28:16,1419.2,166123.0
977,2021-07-15 13:28:11,1419.0,166090.0
978,2021-07-15 13:28:08,1418.4,165983.0
979,2021-07-15 13:28:06,1418.5,165972.0
980,2021-07-15 13:28:03,1418.5,165961.0
981,2021-07-15 13:28:00,1418.3,165931.0
982,2021-07-15 13:27:58,1418.4,165926.0
983,2021-07-15 13:27:55,1418.6,165895.0
984,2021-07-15 13:27:52,1418.4,165877.0
985,2021-07-15 13:27:49,1418.6,165855.0
986,2021-07-15 13:27:47,1419.0,165831.0
987,2021-07-15 13:27:44,1419.4,165702.0
988,2021-07-15 13:27:41,1419.4,165649.0
989,2021-07-15 13:27:38,1419.4,165540.0
990,2021-07-15 13:27:35,1419.7,165482.0
991,2021-07-15 13:27:33,1419.5,165448.0
992,2021-07-15 13:27:30,1419.4,165409.0
993,2021-07-15 13:27:27,1419.4,165318.0
994,2021-07-15 13:27:24,1419.5,165265.0
995,2021-07-15 13:27:22,1419.5,165233.0
996,2021-07-15 13:27:19,1419.0,165221.0
997,2021-07-15 13:27:17,1418.9,165184.0
998,2021-07-15 13:27:14,1418.8,164933.0
999,2021-07-15 13:27:11,1418.9,164884.0
1000,2021-07-15 13:27:09,1418.4,164861.0
1001,2021-07-15 13:27:06,1418.6,164803.0
1002,2021-07-15 13:27:03,1418.4,164732.0
1003,2021-07-15 13:27:01,1418.3,164662.0
1004,2021-07-15 13:26:58,1418.0,164657.0
1005,2021-07-15 13:26:55,1418.2,164614.0
1006,2021-07-15 13:26:50,1418.0,164564.0
1007,2021-07-15 13:26:47,1417.9,164427.0
1008,2021-07-15 13:26:41,1418.0,164425.0
1009,2021-07-15 13:26:38,1417.9,164359.0
1010,2021-07-15 13:26:33,1417.7,164325.0
1011,2021-07-15 13:26:30,1417.7,164310.0
1012,2021-07-15 13:26:25,1417.9,164300.0
1013,2021-07-15 13:26:22,1417.4,164298.0
1014,2021-07-15 13:26:20,1417.4,164297.0
1015,2021-07-15 13:26:15,1417.4,164245.0
1016,2021-07-15 13:26:12,1417.4,164238.0
1017,2021-07-15 13:26:10,1417.4,164208.0
1018,2021-07-15 13:26:07,1417.1,164176.0
1019,2021-07-15 13:26:04,1417.1,164168.0
1020,2021-07-15 13:26:02,1417.4,164164.0
1021,2021-07-15 13:25:59,1417.0,164139.0
1022,2021-07-15 13:25:56,1418.0,164135.0
1023,2021-07-15 13:25:54,1417.4,164097.0
1024,2021-07-15 13:25:51,1417.6,164044.0
1025,2021-07-15 13:25:49,1418.0,164023.0
1026,2021-07-15 13:25:46,1418.0,164017.0
1027,2021-07-15 13:25:43,1418.0,164001.0
1028,2021-07-15 13:25:41,1418.0,163934.0
1029,2021-07-15 13:25:38,1418.0,163900.0
1030,2021-07-15 13:25:35,1418.0,163892.0
1031,2021-07-15 13:25:33,1417.5,163822.0
1032,2021-07-15 13:25:30,1418.0,163812.0
1033,2021-07-15 13:25:28,1418.3,163796.0
1034,2021-07-15 13:25:25,1418.0,163770.0
1035,2021-07-15 13:25:22,1418.0,163745.0
1036,2021-07-15 13:25:20,1418.0,163735.0
1037,2021-07-15 13:25:17,1418.0,163696.0
1038,2021-07-15 13:25:14,1418.0,163663.0
1039,2021-07-15 13:25:12,1418.0,163617.0
1040,2021-07-15 13:25:09,1418.0,163568.0
1041,2021-07-15 13:25:04,1417.2,163455.0
1042,2021-07-15 13:25:01,1416.6,163453.0
1043,2021-07-15 13:24:59,1417.0,163438.0
1044,2021-07-15 13:24:53,1416.6,163410.0
1045,2021-07-15 13:24:50,1416.6,163394.0
1046,2021-07-15 13:24:44,1416.6,163373.0
1047,2021-07-15 13:24:41,1416.8,163364.0
1048,2021-07-15 13:24:38,1416.8,163320.0
1049,2021-07-15 13:24:35,1416.8,163290.0
1050,2021-07-15 13:24:33,1416.3,163245.0
1051,2021-07-15 13:24:27,1416.2,163231.0
1052,2021-07-15 13:24:24,1416.2,163204.0
1053,2021-07-15 13:24:19,1416.2,163162.0
1054,2021-07-15 13:24:16,1416.2,163068.0
1055,2021-07-15 13:24:08,1415.7,162865.0
1056,2021-07-15 13:24:05,1415.9,162845.0
1057,2021-07-15 13:24:03,1415.5,162813.0
1058,2021-07-15 13:24:00,1415.7,162751.0
1059,2021-07-15 13:23:58,1415.5,162699.0
1060,2021-07-15 13:23:55,1415.9,162580.0
1061,2021-07-15 13:23:53,1416.0,162501.0
1062,2021-07-15 13:23:50,1416.1,162376.0
1063,2021-07-15 13:23:48,1416.1,162362.0
1064,2021-07-15 13:23:44,1416.3,162324.0
1065,2021-07-15 13:23:41,1416.5,162294.0
1066,2021-07-15 13:23:38,1416.1,162292.0
1067,2021-07-15 13:23:35,1416.5,162278.0
1068,2021-07-15 13:23:32,1416.1,162248.0
1069,2021-07-15 13:23:30,1416.8,162142.0
1070,2021-07-15 13:23:27,1416.6,162102.0
1071,2021-07-15 13:23:24,1416.8,162098.0
1072,2021-07-15 13:23:22,1416.6,162096.0
1073,2021-07-15 13:23:19,1416.8,162080.0
1074,2021-07-15 13:23:16,1416.5,162065.0
1075,2021-07-15 13:23:14,1416.5,162032.0
1076,2021-07-15 13:23:11,1416.5,162027.0
1077,2021-07-15 13:23:09,1416.5,162007.0
1078,2021-07-15 13:23:06,1416.5,162001.0
1079,2021-07-15 13:23:01,1416.8,161989.0
1080,2021-07-15 13:22:57,1416.6,161962.0
1081,2021-07-15 13:22:55,1416.6,161913.0
1082,2021-07-15 13:22:50,1416.6,161864.0
1083,2021-07-15 13:22:47,1416.6,161826.0
1084,2021-07-15 13:22:42,1416.8,161818.0
1085,2021-07-15 13:22:39,1417.0,161808.0
1086,2021-07-15 13:22:34,1417.1,161714.0
1087,2021-07-15 13:22:28,1417.2,161592.0
1088,2021-07-15 13:22:25,1417.3,161589.0
1089,2021-07-15 13:22:23,1417.1,161561.0
1090,2021-07-15 13:22:20,1417.2,161529.0
1091,2021-07-15 13:22:17,1417.4,161486.0
1092,2021-07-15 13:22:14,1417.4,161456.0
1093,2021-07-15 13:22:12,1417.4,161435.0
1094,2021-07-15 13:22:07,1417.4,161408.0
1095,2021-07-15 13:22:05,1417.1,161385.0
1096,2021-07-15 13:22:02,1417.2,161352.0
1097,2021-07-15 13:21:59,1417.2,161336.0
1098,2021-07-15 13:21:56,1417.0,161297.0
1099,2021-07-15 13:21:53,1417.0,161271.0
1100,2021-07-15 13:21:50,1416.8,161256.0
1101,2021-07-15 13:21:47,1416.9,161236.0
1102,2021-07-15 13:21:45,1416.8,161227.0
1103,2021-07-15 13:21:42,1416.9,161194.0
1104,2021-07-15 13:21:39,1416.9,161184.0
1105,2021-07-15 13:21:37,1416.5,161170.0
1106,2021-07-15 13:21:34,1416.6,161152.0
1107,2021-07-15 13:21:31,1416.4,161142.0
1108,2021-07-15 13:21:29,1416.5,161086.0
1109,2021-07-15 13:21:26,1416.5,161065.0
1110,2021-07-15 13:21:24,1416.5,160986.0
1111,2021-07-15 13:21:21,1416.5,160969.0
1112,2021-07-15 13:21:19,1416.3,160933.0
1113,2021-07-15 13:21:17,1416.5,160905.0
1114,2021-07-15 13:21:14,1416.6,160893.0
1115,2021-07-15 13:21:11,1416.1,160846.0
1116,2021-07-15 13:21:09,1416.3,160834.0
1117,2021-07-15 13:21:06,1415.6,160762.0
1118,2021-07-15 13:21:00,1415.8,160626.0
1119,2021-07-15 13:20:55,1415.6,160434.0
1120,2021-07-15 13:20:49,1415.8,160347.0
1121,2021-07-15 13:20:46,1415.6,160246.0
1122,2021-07-15 13:20:39,1415.8,160200.0
1123,2021-07-15 13:20:36,1416.1,160157.0
1124,2021-07-15 13:20:33,1416.0,160085.0
1125,2021-07-15 13:20:27,1416.1,159855.0
1126,2021-07-15 13:20:22,1416.5,159800.0
1127,2021-07-15 13:20:20,1416.1,159743.0
1128,2021-07-15 13:20:17,1416.1,159703.0
1129,2021-07-15 13:20:14,1416.3,159613.0
1130,2021-07-15 13:20:08,1416.1,159481.0
1131,2021-07-15 13:20:05,1416.3,159456.0
1132,2021-07-15 13:20:03,1416.3,159416.0
1133,2021-07-15 13:20:00,1416.8,159304.0
1134,2021-07-15 13:19:57,1416.9,159257.0
1135,2021-07-15 13:19:54,1417.0,159236.0
1136,2021-07-15 13:19:52,1417.0,159194.0
1137,2021-07-15 13:19:49,1417.4,159112.0
1138,2021-07-15 13:19:47,1417.3,159103.0
1139,2021-07-15 13:19:44,1417.5,159067.0
1140,2021-07-15 13:19:41,1417.6,159013.0
1141,2021-07-15 13:19:38,1417.6,158931.0
1142,2021-07-15 13:19:35,1417.4,158917.0
1143,2021-07-15 13:19:32,1417.9,158805.0
1144,2021-07-15 13:19:30,1417.6,158799.0
1145,2021-07-15 13:19:27,1417.9,158786.0
1146,2021-07-15 13:19:25,1417.9,158783.0
1147,2021-07-15 13:19:22,1418.0,158763.0
1148,2021-07-15 13:19:19,1417.9,158742.0
1149,2021-07-15 13:19:14,1417.9,158718.0
1150,2021-07-15 13:19:08,1418.0,158631.0
1151,2021-07-15 13:19:03,1417.9,158563.0
1152,2021-07-15 13:18:58,1418.0,158513.0
1153,2021-07-15 13:18:56,1418.0,158486.0
1154,2021-07-15 13:18:53,1418.0,158401.0
1155,2021-07-15 13:18:48,1418.0,158344.0
1156,2021-07-15 13:18:43,1417.9,158235.0
1157,2021-07-15 13:18:40,1417.5,158194.0
1158,2021-07-15 13:18:35,1417.5,158163.0
1159,2021-07-15 13:18:32,1417.5,158148.0
1160,2021-07-15 13:18:30,1417.5,158146.0
1161,2021-07-15 13:18:27,1417.4,158145.0
1162,2021-07-15 13:18:25,1417.4,158140.0
1163,2021-07-15 13:18:20,1417.4,158061.0
1164,2021-07-15 13:18:17,1417.4,158036.0
1165,2021-07-15 13:18:15,1417.5,158034.0
1166,2021-07-15 13:18:09,1417.4,157760.0
1167,2021-07-15 13:18:06,1417.2,157744.0
1168,2021-07-15 13:18:03,1417.3,157709.0
1169,2021-07-15 13:18:01,1417.4,157692.0
1170,2021-07-15 13:17:58,1418.0,157651.0
1171,2021-07-15 13:17:56,1417.5,157602.0
1172,2021-07-15 13:17:53,1418.0,157559.0
1173,2021-07-15 13:17:51,1418.0,157472.0
1174,2021-07-15 13:17:48,1418.0,157452.0
1175,2021-07-15 13:17:45,1418.0,157426.0
1176,2021-07-15 13:17:42,1418.2,157396.0
1177,2021-07-15 13:17:39,1418.0,157326.0
1178,2021-07-15 13:17:37,1418.2,157292.0
1179,2021-07-15 13:17:34,1418.1,157255.0
1180,2021-07-15 13:17:32,1418.1,157223.0
1181,2021-07-15 13:17:30,1418.2,157199.0
1182,2021-07-15 13:17:27,1418.2,157159.0
1183,2021-07-15 13:17:24,1418.2,157095.0
1184,2021-07-15 13:17:22,1418.4,157091.0
1185,2021-07-15 13:17:19,1418.2,157048.0
1186,2021-07-15 13:17:17,1418.4,156995.0
1187,2021-07-15 13:17:14,1418.4,156886.0
1188,2021-07-15 13:17:11,1418.2,156868.0
1189,2021-07-15 13:17:09,1418.4,156835.0
1190,2021-07-15 13:17:06,1418.6,156800.0
1191,2021-07-15 13:17:04,1418.6,156657.0
1192,2021-07-15 13:17:02,1418.6,156644.0
1193,2021-07-15 13:16:59,1418.6,156609.0
1194,2021-07-15 13:16:57,1418.6,156608.0
1195,2021-07-15 13:16:54,1418.6,156553.0
1196,2021-07-15 13:16:49,1418.9,156438.0
1197,2021-07-15 13:16:44,1419.0,156315.0
1198,2021-07-15 13:16:41,1419.4,156303.0
1199,2021-07-15 13:16:39,1419.4,156219.0
1200,2021-07-15 13:16:36,1419.0,156209.0
1201,2021-07-15 13:16:34,1419.4,156173.0
1202,2021-07-15 13:16:31,1419.5,156034.0
1203,2021-07-15 13:16:28,1419.6,155971.0
1204,2021-07-15 13:16:25,1419.8,155938.0
1205,2021-07-15 13:16:22,1419.6,155891.0
1206,2021-07-15 13:16:19,1419.8,155693.0
1207,2021-07-15 13:16:17,1419.9,155513.0
1208,2021-07-15 13:16:14,1419.8,155466.0
1209,2021-07-15 13:16:12,1419.8,155323.0
1210,2021-07-15 13:16:09,1419.8,155079.0
1211,2021-07-15 13:16:06,1419.9,154938.0
1212,2021-07-15 13:16:04,1419.8,154853.0
1213,2021-07-15 13:16:01,1419.6,154786.0
1214,2021-07-15 13:15:59,1419.4,154765.0
1215,2021-07-15 13:15:56,1419.1,154691.0
1216,2021-07-15 13:15:54,1419.2,154681.0
1217,2021-07-15 13:15:51,1419.0,154541.0
1218,2021-07-15 13:15:49,1419.0,154523.0
1219,2021-07-15 13:15:46,1418.8,154231.0
1220,2021-07-15 13:15:44,1418.9,154220.0
1221,2021-07-15 13:15:41,1418.6,154156.0
1222,2021-07-15 13:15:39,1418.3,154019.0
1223,2021-07-15 13:15:36,1418.5,153975.0
1224,2021-07-15 13:15:34,1418.7,153942.0
1225,2021-07-15 13:15:31,1418.6,153921.0
1226,2021-07-15 13:15:29,1418.7,153895.0
1227,2021-07-15 13:15:26,1418.6,153838.0
1228,2021-07-15 13:15:24,1418.4,153776.0
1229,2021-07-15 13:15:21,1418.7,153765.0
1230,2021-07-15 13:15:19,1418.7,153738.0
1231,2021-07-15 13:15:16,1418.3,153681.0
1232,2021-07-15 13:15:13,1418.7,153615.0
1233,2021-07-15 13:15:11,1418.7,153595.0
1234,2021-07-15 13:15:09,1418.3,153500.0
1235,2021-07-15 13:15:04,1418.0,153478.0
1236,2021-07-15 13:14:59,1417.7,153468.0
1237,2021-07-15 13:14:52,1417.7,153278.0
1238,2021-07-15 13:14:47,1418.0,153244.0
1239,2021-07-15 13:14:45,1418.1,153218.0
1240,2021-07-15 13:14:40,1417.7,153109.0
1241,2021-07-15 13:14:33,1418.0,152868.0
1242,2021-07-15 13:14:28,1418.0,152675.0
1243,2021-07-15 13:14:23,1417.8,152571.0
1244,2021-07-15 13:14:18,1417.8,152511.0
1245,2021-07-15 13:14:13,1417.7,152468.0
1246,2021-07-15 13:14:11,1417.3,152419.0
1247,2021-07-15 13:14:09,1417.3,152409.0
1248,2021-07-15 13:14:04,1417.3,152279.0
1249,2021-07-15 13:14:01,1417.3,152244.0
1250,2021-07-15 13:13:59,1417.3,152200.0
1251,2021-07-15 13:13:56,1416.3,152189.0
1252,2021-07-15 13:13:54,1417.3,152081.0
1253,2021-07-15 13:13:52,1417.3,152074.0
1254,2021-07-15 13:13:50,1417.7,152062.0
1255,2021-07-15 13:13:47,1417.3,152057.0
1256,2021-07-15 13:13:45,1417.8,152040.0
1257,2021-07-15 13:13:42,1416.8,152035.0
1258,2021-07-15 13:13:40,1417.5,151924.0
1259,2021-07-15 13:13:37,1417.5,151900.0
1260,2021-07-15 13:13:35,1417.5,151842.0
1261,2021-07-15 13:13:32,1417.8,151790.0
1262,2021-07-15 13:13:30,1417.8,151786.0
1263,2021-07-15 13:13:27,1417.8,151749.0
1264,2021-07-15 13:13:24,1417.8,151732.0
1265,2021-07-15 13:13:20,1417.8,151693.0
1266,2021-07-15 13:13:17,1417.8,151678.0
1267,2021-07-15 13:13:15,1417.5,151664.0
1268,2021-07-15 13:13:12,1417.8,151611.0
1269,2021-07-15 13:13:10,1418.0,151568.0
1270,2021-07-15 13:13:03,1418.0,151460.0
1271,2021-07-15 13:13:01,1417.7,151440.0
1272,2021-07-15 13:12:58,1418.0,151414.0
1273,2021-07-15 13:12:56,1418.0,151343.0
1274,2021-07-15 13:12:53,1418.1,151319.0
1275,2021-07-15 13:12:48,1418.0,151277.0
1276,2021-07-15 13:12:44,1418.0,151261.0
1277,2021-07-15 13:12:41,1418.0,151255.0
1278,2021-07-15 13:12:39,1417.7,151154.0
1279,2021-07-15 13:12:34,1418.3,151082.0
1280,2021-07-15 13:12:29,1417.6,151023.0
1281,2021-07-15 13:12:24,1418.3,150977.0
1282,2021-07-15 13:12:19,1418.4,150852.0
1283,2021-07-15 13:12:12,1418.1,150745.0
1284,2021-07-15 13:12:07,1418.5,150668.0
1285,2021-07-15 13:12:05,1418.2,150594.0
1286,2021-07-15 13:12:02,1418.4,150487.0
1287,2021-07-15 13:12:00,1418.5,150446.0
1288,2021-07-15 13:11:57,1418.5,150403.0
1289,2021-07-15 13:11:54,1418.5,150355.0
1290,2021-07-15 13:11:52,1418.1,150269.0
1291,2021-07-15 13:11:49,1418.5,150145.0
1292,2021-07-15 13:11:47,1418.2,150045.0
1293,2021-07-15 13:11:44,1418.0,149974.0
1294,2021-07-15 13:11:42,1418.0,149855.0
1295,2021-07-15 13:11:40,1417.5,149814.0
1296,2021-07-15 13:11:37,1417.5,149804.0
1297,2021-07-15 13:11:35,1417.5,149774.0
1298,2021-07-15 13:11:32,1417.5,149691.0
1299,2021-07-15 13:11:30,1417.3,149654.0
1300,2021-07-15 13:11:28,1417.5,149578.0
1301,2021-07-15 13:11:26,1417.5,149560.0
1302,2021-07-15 13:11:23,1417.4,149544.0
1303,2021-07-15 13:11:21,1416.8,149469.0
1304,2021-07-15 13:11:19,1416.6,149401.0
1305,2021-07-15 13:11:16,1416.6,149379.0
1306,2021-07-15 13:11:14,1416.3,149356.0
1307,2021-07-15 13:11:12,1416.5,149352.0
1308,2021-07-15 13:11:09,1416.3,149280.0
1309,2021-07-15 13:11:07,1416.2,149253.0
1310,2021-07-15 13:11:04,1416.1,149238.0
1311,2021-07-15 13:11:02,1416.0,149190.0
1312,2021-07-15 13:11:00,1416.1,149174.0
1313,2021-07-15 13:10:55,1416.1,149159.0
1314,2021-07-15 13:10:50,1416.0,149153.0
1315,2021-07-15 13:10:48,1416.0,149035.0
1316,2021-07-15 13:10:43,1416.0,149016.0
1317,2021-07-15 13:10:41,1416.1,149003.0
1318,2021-07-15 13:10:38,1416.0,148990.0
1319,2021-07-15 13:10:35,1416.0,148981.0
1320,2021-07-15 13:10:33,1416.1,148951.0
1321,2021-07-15 13:10:30,1416.0,148946.0
1322,2021-07-15 13:10:28,1416.0,148902.0
1323,2021-07-15 13:10:25,1416.3,148882.0
1324,2021-07-15 13:10:23,1416.5,148878.0
1325,2021-07-15 13:10:21,1416.0,148837.0
1326,2021-07-15 13:10:18,1415.5,148803.0
1327,2021-07-15 13:10:16,1415.9,148721.0
1328,2021-07-15 13:10:14,1416.0,148695.0
1329,2021-07-15 13:10:11,1415.8,148623.0
1330,2021-07-15 13:10:09,1415.5,148613.0
1331,2021-07-15 13:10:07,1415.5,148606.0
1332,2021-07-15 13:10:04,1415.6,148554.0
1333,2021-07-15 13:10:02,1415.5,148507.0
1334,2021-07-15 13:10:00,1415.6,148394.0
1335,2021-07-15 13:09:57,1415.9,148372.0
1336,2021-07-15 13:09:55,1415.6,148356.0
1337,2021-07-15 13:09:53,1415.9,148288.0
1338,2021-07-15 13:09:50,1416.1,148157.0
1339,2021-07-15 13:09:48,1416.4,148122.0
1340,2021-07-15 13:09:46,1416.3,148102.0
1341,2021-07-15 13:09:43,1416.5,148089.0
1342,2021-07-15 13:09:41,1417.0,147968.0
1343,2021-07-15 13:09:39,1417.0,147847.0
1344,2021-07-15 13:09:36,1416.9,147818.0
1345,2021-07-15 13:09:34,1417.0,147800.0
1346,2021-07-15 13:09:32,1417.0,147763.0
1347,2021-07-15 13:09:30,1417.0,147742.0
1348,2021-07-15 13:09:27,1417.0,147664.0
1349,2021-07-15 13:09:25,1417.0,147540.0
1350,2021-07-15 13:09:23,1417.3,147486.0
1351,2021-07-15 13:09:20,1417.8,147385.0
1352,2021-07-15 13:09:18,1417.8,147360.0
1353,2021-07-15 13:09:16,1417.9,147348.0
1354,2021-07-15 13:09:13,1417.4,147244.0
1355,2021-07-15 13:09:11,1417.0,147181.0
1356,2021-07-15 13:09:09,1417.9,147055.0
1357,2021-07-15 13:09:06,1417.0,146882.0
1358,2021-07-15 13:09:01,1416.8,146710.0
1359,2021-07-15 13:08:57,1416.5,146633.0
1360,2021-07-15 13:08:54,1416.4,146593.0
1361,2021-07-15 13:08:49,1416.5,146572.0
1362,2021-07-15 13:08:47,1415.9,146552.0
1363,2021-07-15 13:08:45,1415.9,146543.0
1364,2021-07-15 13:08:40,1416.0,146525.0
1365,2021-07-15 13:08:35,1416.1,146496.0
1366,2021-07-15 13:08:31,1416.0,146346.0
1367,2021-07-15 13:08:26,1416.0,146342.0
1368,2021-07-15 13:08:22,1416.0,146313.0
1369,2021-07-15 13:08:19,1415.5,146277.0
1370,2021-07-15 13:08:13,1416.0,146239.0
1371,2021-07-15 13:08:11,1415.9,146212.0
1372,2021-07-15 13:08:08,1416.0,146208.0
1373,2021-07-15 13:08:06,1415.6,146201.0
1374,2021-07-15 13:08:03,1415.7,146194.0
1375,2021-07-15 13:08:01,1415.5,146175.0
1376,2021-07-15 13:07:58,1416.1,146152.0
1377,2021-07-15 13:07:56,1416.1,146145.0
1378,2021-07-15 13:07:54,1415.9,146083.0
1379,2021-07-15 13:07:51,1416.1,146038.0
1380,2021-07-15 13:07:49,1416.1,146034.0
1381,2021-07-15 13:07:46,1415.6,146024.0
1382,2021-07-15 13:07:43,1416.2,145960.0
1383,2021-07-15 13:07:41,1416.4,145939.0
1384,2021-07-15 13:07:39,1416.0,145829.0
1385,2021-07-15 13:07:36,1416.4,145787.0
1386,2021-07-15 13:07:34,1415.5,145741.0
1387,2021-07-15 13:07:31,1416.0,145647.0
1388,2021-07-15 13:07:29,1415.9,145599.0
1389,2021-07-15 13:07:27,1415.7,145580.0
1390,2021-07-15 13:07:24,1415.5,145553.0
1391,2021-07-15 13:07:22,1415.4,145466.0
1392,2021-07-15 13:07:19,1415.2,145408.0
1393,2021-07-15 13:07:17,1415.3,145379.0
1394,2021-07-15 13:07:15,1415.2,145351.0
1395,2021-07-15 13:07:12,1415.3,145337.0
1396,2021-07-15 13:07:10,1415.1,145325.0
1397,2021-07-15 13:07:08,1415.3,145304.0
1398,2021-07-15 13:07:03,1414.7,145291.0
1399,2021-07-15 13:07:00,1415.0,145244.0
1400,2021-07-15 13:06:55,1414.9,145177.0
1401,2021-07-15 13:06:49,1414.7,145162.0
1402,2021-07-15 13:06:47,1414.6,145078.0
1403,2021-07-15 13:06:42,1414.5,145067.0
1404,2021-07-15 13:06:37,1414.6,145053.0
1405,2021-07-15 13:06:35,1414.5,145050.0
1406,2021-07-15 13:06:33,1414.5,144969.0
1407,2021-07-15 13:06:28,1414.5,144788.0
1408,2021-07-15 13:06:26,1414.3,144765.0
1409,2021-07-15 13:06:21,1414.3,144715.0
1410,2021-07-15 13:06:16,1414.3,144706.0
1411,2021-07-15 13:06:11,1414.3,144657.0
1412,2021-07-15 13:06:09,1414.3,144655.0
1413,2021-07-15 13:06:07,1414.3,144643.0
1414,2021-07-15 13:06:05,1414.6,144549.0
1415,2021-07-15 13:06:02,1414.2,144536.0
1416,2021-07-15 13:06:00,1414.9,144507.0
1417,2021-07-15 13:05:58,1414.9,144502.0
1418,2021-07-15 13:05:55,1414.6,144493.0
1419,2021-07-15 13:05:52,1415.0,144485.0
1420,2021-07-15 13:05:50,1414.9,144465.0
1421,2021-07-15 13:05:47,1414.5,144448.0
1422,2021-07-15 13:05:45,1414.9,144438.0
1423,2021-07-15 13:05:42,1414.2,144340.0
1424,2021-07-15 13:05:40,1414.6,144272.0
1425,2021-07-15 13:05:37,1414.6,144217.0
1426,2021-07-15 13:05:35,1414.2,144215.0
1427,2021-07-15 13:05:33,1414.2,144164.0
1428,2021-07-15 13:05:30,1414.6,144114.0
1429,2021-07-15 13:05:28,1414.2,144098.0
1430,2021-07-15 13:05:25,1414.2,144094.0
1431,2021-07-15 13:05:23,1414.6,144066.0
1432,2021-07-15 13:05:20,1414.2,144041.0
1433,2021-07-15 13:05:18,1414.5,143969.0
1434,2021-07-15 13:05:14,1414.2,143936.0
1435,2021-07-15 13:05:11,1415.0,143900.0
1436,2021-07-15 13:05:08,1415.0,143872.0
1437,2021-07-15 13:05:06,1415.5,143802.0
1438,2021-07-15 13:05:04,1415.1,143782.0
1439,2021-07-15 13:04:59,1415.5,143703.0
1440,2021-07-15 13:04:54,1415.7,143653.0
1441,2021-07-15 13:04:52,1415.7,143631.0
1442,2021-07-15 13:04:50,1415.6,143630.0
1443,2021-07-15 13:04:47,1415.6,143629.0
1444,2021-07-15 13:04:45,1415.7,143590.0
1445,2021-07-15 13:04:43,1415.5,143585.0
1446,2021-07-15 13:04:40,1415.6,143573.0
1447,2021-07-15 13:04:38,1415.6,143566.0
1448,2021-07-15 13:04:35,1415.6,143562.0
1449,2021-07-15 13:04:33,1415.6,143540.0
1450,2021-07-15 13:04:31,1415.6,143487.0
1451,2021-07-15 13:04:29,1415.6,143460.0
1452,2021-07-15 13:04:26,1415.6,143456.0
1453,2021-07-15 13:04:24,1415.7,143375.0
1454,2021-07-15 13:04:22,1415.8,143349.0
1455,2021-07-15 13:04:19,1415.9,143347.0
1456,2021-07-15 13:04:17,1415.9,143327.0
1457,2021-07-15 13:04:14,1415.9,143320.0
1458,2021-07-15 13:04:12,1415.6,143290.0
1459,2021-07-15 13:04:10,1416.0,143254.0
1460,2021-07-15 13:04:07,1416.0,143170.0
1461,2021-07-15 13:04:05,1416.1,143156.0
1462,2021-07-15 13:04:02,1416.4,143121.0
1463,2021-07-15 13:04:00,1416.7,143074.0
1464,2021-07-15 13:03:58,1416.4,143057.0
1465,2021-07-15 13:03:56,1416.8,142881.0
1466,2021-07-15 13:03:50,1417.0,142859.0
1467,2021-07-15 13:03:48,1417.0,142817.0
1468,2021-07-15 13:03:45,1417.0,142779.0
1469,2021-07-15 13:03:43,1416.8,142741.0
1470,2021-07-15 13:03:40,1417.0,142710.0
1471,2021-07-15 13:03:38,1416.7,142697.0
1472,2021-07-15 13:03:35,1417.0,142686.0
1473,2021-07-15 13:03:33,1416.7,142671.0
1474,2021-07-15 13:03:30,1416.9,142668.0
1475,2021-07-15 13:03:28,1417.0,142609.0
1476,2021-07-15 13:03:25,1417.0,142598.0
1477,2021-07-15 13:03:23,1416.5,142507.0
1478,2021-07-15 13:03:20,1417.0,142460.0
1479,2021-07-15 13:03:18,1417.0,142401.0
1480,2021-07-15 13:03:16,1416.3,142392.0
1481,2021-07-15 13:03:13,1416.5,142367.0
1482,2021-07-15 13:03:11,1416.3,142324.0
1483,2021-07-15 13:03:08,1416.2,142323.0
1484,2021-07-15 13:03:06,1416.3,142286.0
1485,2021-07-15 13:03:01,1416.3,142262.0
1486,2021-07-15 13:02:56,1416.3,142208.0
1487,2021-07-15 13:02:54,1416.3,142180.0
1488,2021-07-15 13:02:49,1416.2,142140.0
1489,2021-07-15 13:02:44,1416.3,142092.0
1490,2021-07-15 13:02:40,1417.0,142056.0
1491,2021-07-15 13:02:37,1416.2,142036.0
1492,2021-07-15 13:02:35,1416.2,142019.0
1493,2021-07-15 13:02:30,1417.1,141955.0
1494,2021-07-15 13:02:28,1417.1,141927.0
1495,2021-07-15 13:02:23,1417.3,141895.0
1496,2021-07-15 13:02:18,1417.3,141833.0
1497,2021-07-15 13:02:13,1417.5,141786.0
1498,2021-07-15 13:02:09,1417.5,141765.0
1499,2021-07-15 13:02:06,1417.5,141754.0
1500,2021-07-15 13:02:04,1417.4,141717.0
1501,2021-07-15 13:02:02,1417.4,141704.0
1502,2021-07-15 13:01:59,1417.3,141662.0
1503,2021-07-15 13:01:57,1417.3,141631.0
1504,2021-07-15 13:01:54,1417.3,141521.0
1505,2021-07-15 13:01:51,1417.4,141493.0
1506,2021-07-15 13:01:49,1417.2,141480.0
1507,2021-07-15 13:01:47,1417.5,141442.0
1508,2021-07-15 13:01:45,1417.5,141427.0
1509,2021-07-15 13:01:42,1417.6,141408.0
1510,2021-07-15 13:01:40,1417.4,141356.0
1511,2021-07-15 13:01:38,1417.5,141340.0
1512,2021-07-15 13:01:36,1417.6,141327.0
1513,2021-07-15 13:01:33,1417.6,141270.0
1514,2021-07-15 13:01:31,1417.9,141249.0
1515,2021-07-15 13:01:29,1418.0,141221.0
1516,2021-07-15 13:01:26,1418.1,141099.0
1517,2021-07-15 13:01:24,1418.1,141059.0
1518,2021-07-15 13:01:22,1418.1,140995.0
1519,2021-07-15 13:01:19,1418.1,140893.0
1520,2021-07-15 13:01:17,1418.5,140849.0
1521,2021-07-15 13:01:15,1418.0,140783.0
1522,2021-07-15 13:01:13,1417.9,140726.0
1523,2021-07-15 13:01:10,1418.5,140705.0
1524,2021-07-15 13:01:08,1418.0,140604.0
1525,2021-07-15 13:01:06,1417.9,140579.0
1526,2021-07-15 13:01:03,1417.9,140461.0
1527,2021-07-15 13:00:56,1417.9,140149.0
1528,2021-07-15 13:00:52,1418.0,140065.0
1529,2021-07-15 13:00:50,1417.1,139930.0
1530,2021-07-15 13:00:48,1417.6,139650.0
1531,2021-07-15 13:00:45,1417.5,139573.0
1532,2021-07-15 13:00:43,1416.9,139303.0
1533,2021-07-15 13:00:40,1416.5,139180.0
1534,2021-07-15 13:00:38,1416.3,139158.0
1535,2021-07-15 13:00:36,1416.0,139102.0
1536,2021-07-15 13:00:33,1415.9,138973.0
1537,2021-07-15 13:00:31,1415.3,138921.0
1538,2021-07-15 13:00:29,1415.5,138895.0
1539,2021-07-15 13:00:27,1415.5,138868.0
1540,2021-07-15 13:00:25,1415.5,138844.0
1541,2021-07-15 13:00:23,1414.1,138670.0
1542,2021-07-15 13:00:20,1414.8,138663.0
1543,2021-07-15 13:00:18,1414.5,138636.0
1544,2021-07-15 13:00:16,1415.0,138599.0
1545,2021-07-15 13:00:13,1414.9,138547.0
1546,2021-07-15 13:00:11,1414.0,138520.0
1547,2021-07-15 13:00:08,1414.9,138517.0
1548,2021-07-15 13:00:06,1414.9,138514.0
1549,2021-07-15 13:00:04,1415.0,138511.0
1550,2021-07-15 11:30:05,1415.0,138158.0
1551,2021-07-15 11:30:02,1415.0,138152.0
1552,2021-07-15 11:30:00,1414.5,138091.0
1553,2021-07-15 11:29:58,1412.9,138069.0
1554,2021-07-15 11:29:56,1414.5,138019.0
1555,2021-07-15 11:29:54,1414.0,137876.0
1556,2021-07-15 11:29:52,1413.8,137832.0
1557,2021-07-15 11:29:50,1412.7,137749.0
1558,2021-07-15 11:29:47,1412.7,137748.0
1559,2021-07-15 11:29:45,1412.4,137733.0
1560,2021-07-15 11:29:42,1412.5,137726.0
1561,2021-07-15 11:29:39,1412.4,137685.0
1562,2021-07-15 11:29:37,1412.8,137672.0
1563,2021-07-15 11:29:35,1412.4,137627.0
1564,2021-07-15 11:29:32,1412.4,137611.0
1565,2021-07-15 11:29:30,1412.4,137589.0
1566,2021-07-15 11:29:28,1412.3,137588.0
1567,2021-07-15 11:29:26,1412.4,137579.0
1568,2021-07-15 11:29:23,1412.0,137577.0
1569,2021-07-15 11:29:21,1412.0,137566.0
1570,2021-07-15 11:29:18,1412.3,137558.0
1571,2021-07-15 11:29:16,1411.9,137525.0
1572,2021-07-15 11:29:12,1411.9,137494.0
1573,2021-07-15 11:29:09,1411.8,137479.0
1574,2021-07-15 11:29:07,1411.6,137477.0
1575,2021-07-15 11:29:05,1411.5,137468.0
1576,2021-07-15 11:29:02,1411.9,137459.0
1577,2021-07-15 11:28:58,1412.0,137457.0
1578,2021-07-15 11:28:55,1411.1,137442.0
1579,2021-07-15 11:28:53,1411.5,137441.0
1580,2021-07-15 11:28:51,1411.5,137412.0
1581,2021-07-15 11:28:49,1411.5,137410.0
1582,2021-07-15 11:28:46,1412.0,137382.0
1583,2021-07-15 11:28:42,1411.9,137363.0
1584,2021-07-15 11:28:38,1411.0,137342.0
1585,2021-07-15 11:28:31,1411.9,137178.0
1586,2021-07-15 11:28:27,1411.0,137140.0
1587,2021-07-15 11:28:20,1411.9,137040.0
1588,2021-07-15 11:28:17,1411.9,137023.0
1589,2021-07-15 11:28:15,1411.5,137020.0
1590,2021-07-15 11:28:13,1411.9,137016.0
1591,2021-07-15 11:28:08,1411.5,137002.0
1592,2021-07-15 11:28:06,1411.9,136983.0
1593,2021-07-15 11:28:04,1411.5,136970.0
1594,2021-07-15 11:28:01,1411.9,136939.0
1595,2021-07-15 11:27:59,1412.0,136916.0
1596,2021-07-15 11:27:57,1412.0,136908.0
1597,2021-07-15 11:27:55,1411.9,136875.0
1598,2021-07-15 11:27:52,1411.9,136865.0
1599,2021-07-15 11:27:50,1412.0,136856.0
1600,2021-07-15 11:27:48,1411.9,136836.0
1601,2021-07-15 11:27:46,1411.8,136810.0
1602,2021-07-15 11:27:43,1411.9,136803.0
1603,2021-07-15 11:27:41,1411.9,136799.0
1604,2021-07-15 11:27:39,1411.9,136793.0
1605,2021-07-15 11:27:37,1411.5,136785.0
1606,2021-07-15 11:27:35,1411.9,136783.0
1607,2021-07-15 11:27:33,1411.5,136776.0
1608,2021-07-15 11:27:31,1411.9,136774.0
1609,2021-07-15 11:27:28,1411.5,136772.0
1610,2021-07-15 11:27:26,1412.0,136766.0
1611,2021-07-15 11:27:24,1412.0,136715.0
1612,2021-07-15 11:27:21,1412.0,136705.0
1613,2021-07-15 11:27:19,1412.0,136652.0
1614,2021-07-15 11:27:14,1412.1,136609.0
1615,2021-07-15 11:27:12,1412.0,136603.0
1616,2021-07-15 11:27:08,1412.4,136592.0
1617,2021-07-15 11:27:04,1412.2,136564.0
1618,2021-07-15 11:27:01,1412.4,136561.0
1619,2021-07-15 11:26:59,1412.4,136544.0
1620,2021-07-15 11:26:57,1412.4,136521.0
1621,2021-07-15 11:26:53,1412.7,136498.0
1622,2021-07-15 11:26:49,1412.5,136461.0
1623,2021-07-15 11:26:44,1412.5,136423.0
1624,2021-07-15 11:26:39,1411.2,136326.0
1625,2021-07-15 11:26:35,1411.5,136304.0
1626,2021-07-15 11:26:33,1411.1,136270.0
1627,2021-07-15 11:26:31,1411.5,136265.0
1628,2021-07-15 11:26:29,1411.5,136216.0
1629,2021-07-15 11:26:22,1411.5,136147.0
1630,2021-07-15 11:26:20,1411.5,136088.0
1631,2021-07-15 11:26:16,1411.6,136067.0
1632,2021-07-15 11:26:09,1411.9,136012.0
1633,2021-07-15 11:26:07,1411.3,135980.0
1634,2021-07-15 11:26:05,1411.3,135976.0
1635,2021-07-15 11:26:03,1411.3,135957.0
1636,2021-07-15 11:26:01,1411.3,135846.0
1637,2021-07-15 11:25:59,1411.0,135769.0
1638,2021-07-15 11:25:57,1411.0,135748.0
1639,2021-07-15 11:25:55,1411.0,135699.0
1640,2021-07-15 11:25:52,1412.0,135676.0
1641,2021-07-15 11:25:50,1411.0,135646.0
1642,2021-07-15 11:25:48,1412.8,135589.0
1643,2021-07-15 11:25:46,1412.0,135568.0
1644,2021-07-15 11:25:44,1413.0,135511.0
1645,2021-07-15 11:25:42,1413.2,135456.0
1646,2021-07-15 11:25:40,1413.5,135443.0
1647,2021-07-15 11:25:38,1413.4,135440.0
1648,2021-07-15 11:25:35,1413.9,135439.0
1649,2021-07-15 11:25:33,1413.7,135426.0
1650,2021-07-15 11:25:30,1413.9,135422.0
1651,2021-07-15 11:25:28,1413.9,135406.0
1652,2021-07-15 11:25:26,1413.9,135390.0
1653,2021-07-15 11:25:24,1413.9,135386.0
1654,2021-07-15 11:25:21,1413.9,135373.0
1655,2021-07-15 11:25:19,1413.9,135372.0
1656,2021-07-15 11:25:17,1414.0,135370.0
1657,2021-07-15 11:25:13,1413.9,135348.0
1658,2021-07-15 11:25:11,1413.7,135346.0
1659,2021-07-15 11:25:09,1413.7,135324.0
1660,2021-07-15 11:25:05,1413.3,135300.0
1661,2021-07-15 11:25:01,1413.1,135285.0
1662,2021-07-15 11:24:57,1413.5,135273.0
1663,2021-07-15 11:24:52,1413.4,135253.0
1664,2021-07-15 11:24:48,1413.6,135185.0
1665,2021-07-15 11:24:46,1413.8,135181.0
1666,2021-07-15 11:24:44,1413.7,135178.0
1667,2021-07-15 11:24:42,1413.8,135177.0
1668,2021-07-15 11:24:39,1414.0,135146.0
1669,2021-07-15 11:24:35,1414.1,135107.0
1670,2021-07-15 11:24:31,1414.1,135094.0
1671,2021-07-15 11:24:27,1414.1,135077.0
1672,2021-07-15 11:24:25,1413.8,135063.0
1673,2021-07-15 11:24:21,1414.6,135018.0
1674,2021-07-15 11:24:17,1414.0,134999.0
1675,2021-07-15 11:24:13,1414.6,134944.0
1676,2021-07-15 11:24:11,1414.4,134930.0
1677,2021-07-15 11:24:08,1414.4,134928.0
1678,2021-07-15 11:24:06,1414.6,134876.0
1679,2021-07-15 11:24:04,1415.0,134850.0
1680,2021-07-15 11:24:01,1415.5,134706.0
1681,2021-07-15 11:23:59,1415.4,134682.0
1682,2021-07-15 11:23:57,1415.3,134624.0
1683,2021-07-15 11:23:55,1415.0,134620.0
1684,2021-07-15 11:23:52,1414.0,134605.0
1685,2021-07-15 11:23:50,1414.6,134259.0
1686,2021-07-15 11:23:48,1414.9,134137.0
1687,2021-07-15 11:23:46,1414.6,134078.0
1688,2021-07-15 11:23:43,1414.6,134072.0
1689,2021-07-15 11:23:41,1414.1,133982.0
1690,2021-07-15 11:23:39,1414.1,133976.0
1691,2021-07-15 11:23:37,1414.1,133975.0
1692,2021-07-15 11:23:35,1414.0,133961.0
1693,2021-07-15 11:23:33,1414.0,133944.0
1694,2021-07-15 11:23:30,1414.1,133937.0
1695,2021-07-15 11:23:28,1413.8,133898.0
1696,2021-07-15 11:23:26,1414.0,133896.0
1697,2021-07-15 11:23:23,1414.0,133888.0
1698,2021-07-15 11:23:21,1414.0,133875.0
1699,2021-07-15 11:23:19,1414.0,133830.0
1700,2021-07-15 11:23:17,1414.0,133790.0
1701,2021-07-15 11:23:15,1414.0,133783.0
1702,2021-07-15 11:23:12,1414.0,133748.0
1703,2021-07-15 11:23:10,1414.0,133695.0
1704,2021-07-15 11:23:08,1414.3,133628.0
1705,2021-07-15 11:23:06,1414.1,133617.0
1706,2021-07-15 11:23:04,1414.6,133604.0
1707,2021-07-15 11:23:01,1414.3,133564.0
1708,2021-07-15 11:22:59,1414.1,133553.0
1709,2021-07-15 11:22:57,1414.6,133468.0
1710,2021-07-15 11:22:55,1414.4,133423.0
1711,2021-07-15 11:22:53,1414.6,133412.0
1712,2021-07-15 11:22:51,1414.7,133406.0
1713,2021-07-15 11:22:49,1414.3,133388.0
1714,2021-07-15 11:22:45,1414.3,133309.0
1715,2021-07-15 11:22:41,1414.5,133256.0
1716,2021-07-15 11:22:36,1413.4,133207.0
1717,2021-07-15 11:22:30,1413.8,133092.0
1718,2021-07-15 11:22:25,1414.7,133032.0
1719,2021-07-15 11:22:21,1414.8,132906.0
1720,2021-07-15 11:22:17,1414.7,132890.0
1721,2021-07-15 11:22:15,1413.4,132791.0
1722,2021-07-15 11:22:13,1413.6,132759.0
1723,2021-07-15 11:22:09,1413.1,132684.0
1724,2021-07-15 11:22:07,1413.1,132654.0
1725,2021-07-15 11:22:04,1412.4,132618.0
1726,2021-07-15 11:22:02,1412.4,132614.0
1727,2021-07-15 11:22:00,1412.3,132530.0
1728,2021-07-15 11:21:58,1412.3,132521.0
1729,2021-07-15 11:21:56,1412.4,132483.0
1730,2021-07-15 11:21:53,1412.0,132442.0
1731,2021-07-15 11:21:49,1412.0,132427.0
1732,2021-07-15 11:21:47,1412.0,132426.0
1733,2021-07-15 11:21:45,1412.0,132402.0
1734,2021-07-15 11:21:43,1412.0,132400.0
1735,2021-07-15 11:21:41,1412.0,132384.0
1736,2021-07-15 11:21:39,1412.0,132381.0
1737,2021-07-15 11:21:37,1412.0,132378.0
1738,2021-07-15 11:21:35,1412.0,132361.0
1739,2021-07-15 11:21:33,1412.0,132356.0
1740,2021-07-15 11:21:31,1412.0,132340.0
1741,2021-07-15 11:21:29,1412.0,132335.0
1742,2021-07-15 11:21:27,1412.0,132303.0
1743,2021-07-15 11:21:24,1411.8,132298.0
1744,2021-07-15 11:21:22,1412.0,132292.0
1745,2021-07-15 11:21:20,1412.0,132276.0
1746,2021-07-15 11:21:18,1411.4,132176.0
1747,2021-07-15 11:21:15,1411.7,132145.0
1748,2021-07-15 11:21:13,1411.7,132137.0
1749,2021-07-15 11:21:09,1411.0,132100.0
1750,2021-07-15 11:21:05,1410.5,131978.0
1751,2021-07-15 11:20:59,1410.6,131878.0
1752,2021-07-15 11:20:53,1410.5,131717.0
1753,2021-07-15 11:20:49,1410.6,131649.0
1754,2021-07-15 11:20:47,1410.8,131620.0
1755,2021-07-15 11:20:44,1411.0,131614.0
1756,2021-07-15 11:20:42,1411.0,131550.0
1757,2021-07-15 11:20:36,1411.3,131452.0
1758,2021-07-15 11:20:32,1411.3,131412.0
1759,2021-07-15 11:20:28,1411.3,131340.0
1760,2021-07-15 11:20:24,1411.5,131313.0
1761,2021-07-15 11:20:20,1411.7,131295.0
1762,2021-07-15 11:20:18,1411.8,131293.0
1763,2021-07-15 11:20:15,1411.3,131280.0
1764,2021-07-15 11:20:13,1412.4,131270.0
1765,2021-07-15 11:20:09,1411.5,131151.0
1766,2021-07-15 11:20:07,1411.7,131150.0
1767,2021-07-15 11:20:05,1411.5,131102.0
1768,2021-07-15 11:20:03,1411.5,131073.0
1769,2021-07-15 11:20:01,1411.1,131007.0
1770,2021-07-15 11:19:59,1411.1,130999.0
1771,2021-07-15 11:19:57,1411.0,130965.0
1772,2021-07-15 11:19:55,1411.1,130954.0
1773,2021-07-15 11:19:53,1411.0,130844.0
1774,2021-07-15 11:19:51,1411.1,130786.0
1775,2021-07-15 11:19:49,1411.0,130779.0
1776,2021-07-15 11:19:47,1410.8,130748.0
1777,2021-07-15 11:19:45,1411.1,130695.0
1778,2021-07-15 11:19:43,1411.2,130676.0
1779,2021-07-15 11:19:41,1411.5,130673.0
1780,2021-07-15 11:19:39,1411.4,130629.0
1781,2021-07-15 11:19:36,1411.5,130627.0
1782,2021-07-15 11:19:34,1411.5,130619.0
1783,2021-07-15 11:19:31,1411.6,130609.0
1784,2021-07-15 11:19:29,1411.6,130601.0
1785,2021-07-15 11:19:27,1411.1,130594.0
1786,2021-07-15 11:19:25,1411.0,130590.0
1787,2021-07-15 11:19:22,1411.6,130529.0
1788,2021-07-15 11:19:20,1411.3,130525.0
1789,2021-07-15 11:19:18,1411.0,130509.0
1790,2021-07-15 11:19:16,1411.0,130507.0
1791,2021-07-15 11:19:14,1411.0,130457.0
1792,2021-07-15 11:19:12,1411.0,130424.0
1793,2021-07-15 11:19:10,1410.9,130404.0
1794,2021-07-15 11:19:08,1411.0,130355.0
1795,2021-07-15 11:19:06,1411.0,130305.0
1796,2021-07-15 11:19:04,1411.1,130227.0
1797,2021-07-15 11:19:02,1411.3,130216.0
1798,2021-07-15 11:19:00,1410.8,130196.0
1799,2021-07-15 11:18:58,1411.3,130178.0
1800,2021-07-15 11:18:56,1411.5,130156.0
1801,2021-07-15 11:18:54,1411.0,130095.0
1802,2021-07-15 11:18:51,1411.8,129983.0
1803,2021-07-15 11:18:49,1411.8,129982.0
1804,2021-07-15 11:18:47,1411.9,129942.0
1805,2021-07-15 11:18:43,1412.5,129906.0
1806,2021-07-15 11:18:38,1412.0,129856.0
1807,2021-07-15 11:18:34,1412.2,129836.0
1808,2021-07-15 11:18:32,1412.3,129831.0
1809,2021-07-15 11:18:30,1412.3,129824.0
1810,2021-07-15 11:18:28,1412.2,129807.0
1811,2021-07-15 11:18:25,1412.3,129806.0
1812,2021-07-15 11:18:23,1412.3,129798.0
1813,2021-07-15 11:18:21,1412.6,129791.0
1814,2021-07-15 11:18:19,1412.5,129782.0
1815,2021-07-15 11:18:17,1412.5,129776.0
1816,2021-07-15 11:18:15,1412.5,129762.0
1817,2021-07-15 11:18:12,1412.6,129746.0
1818,2021-07-15 11:18:10,1412.6,129702.0
1819,2021-07-15 11:18:08,1412.5,129597.0
1820,2021-07-15 11:18:05,1412.5,129482.0
1821,2021-07-15 11:18:03,1412.1,129468.0
1822,2021-07-15 11:18:00,1412.5,129466.0
1823,2021-07-15 11:17:58,1412.5,129373.0
1824,2021-07-15 11:17:56,1412.6,129369.0
1825,2021-07-15 11:17:54,1412.5,129368.0
1826,2021-07-15 11:17:52,1412.5,129295.0
1827,2021-07-15 11:17:50,1412.5,129280.0
1828,2021-07-15 11:17:48,1412.5,129263.0
1829,2021-07-15 11:17:45,1412.5,129257.0
1830,2021-07-15 11:17:43,1412.5,129244.0
1831,2021-07-15 11:17:41,1412.5,129211.0
1832,2021-07-15 11:17:39,1412.7,129197.0
1833,2021-07-15 11:17:37,1412.5,129180.0
1834,2021-07-15 11:17:35,1412.4,129166.0
1835,2021-07-15 11:17:33,1412.3,129146.0
1836,2021-07-15 11:17:30,1412.4,129128.0
1837,2021-07-15 11:17:28,1412.3,129113.0
1838,2021-07-15 11:17:26,1412.2,129091.0
1839,2021-07-15 11:17:24,1412.4,129085.0
1840,2021-07-15 11:17:21,1412.0,129060.0
1841,2021-07-15 11:17:19,1411.9,129055.0
1842,2021-07-15 11:17:17,1411.5,128989.0
1843,2021-07-15 11:17:15,1411.5,128976.0
1844,2021-07-15 11:17:08,1411.0,128746.0
1845,2021-07-15 11:17:06,1411.2,128628.0
1846,2021-07-15 11:17:04,1411.0,128567.0
1847,2021-07-15 11:16:59,1411.2,128240.0
1848,2021-07-15 11:16:53,1412.0,128081.0
1849,2021-07-15 11:16:47,1412.7,127863.0
1850,2021-07-15 11:16:43,1412.2,127849.0
1851,2021-07-15 11:16:41,1412.9,127842.0
1852,2021-07-15 11:16:39,1412.9,127811.0
1853,2021-07-15 11:16:37,1412.2,127666.0
1854,2021-07-15 11:16:30,1413.0,127408.0
1855,2021-07-15 11:16:24,1412.7,127270.0
1856,2021-07-15 11:16:19,1412.9,127139.0
1857,2021-07-15 11:16:13,1412.7,127023.0
1858,2021-07-15 11:16:09,1412.9,126986.0
1859,2021-07-15 11:16:07,1413.0,126967.0
1860,2021-07-15 11:16:05,1412.9,126915.0
1861,2021-07-15 11:16:03,1413.0,126901.0
1862,2021-07-15 11:15:59,1413.5,126727.0
1863,2021-07-15 11:15:57,1413.3,126558.0
1864,2021-07-15 11:15:55,1413.5,126528.0
1865,2021-07-15 11:15:53,1414.0,126486.0
1866,2021-07-15 11:15:51,1414.0,126484.0
1867,2021-07-15 11:15:49,1414.3,126393.0
1868,2021-07-15 11:15:47,1414.5,126376.0
1869,2021-07-15 11:15:45,1414.5,126375.0
1870,2021-07-15 11:15:41,1414.5,126340.0
1871,2021-07-15 11:15:39,1414.5,126334.0
1872,2021-07-15 11:15:35,1415.0,126301.0
1873,2021-07-15 11:15:31,1415.0,126207.0
1874,2021-07-15 11:15:26,1415.0,126178.0
1875,2021-07-15 11:15:22,1415.0,126118.0
1876,2021-07-15 11:15:18,1414.9,126028.0
1877,2021-07-15 11:15:16,1414.9,126017.0
1878,2021-07-15 11:15:14,1415.0,125999.0
1879,2021-07-15 11:15:10,1414.9,125963.0
1880,2021-07-15 11:15:06,1414.1,125917.0
1881,2021-07-15 11:15:01,1414.1,125911.0
1882,2021-07-15 11:14:57,1414.5,125868.0
1883,2021-07-15 11:14:53,1414.0,125765.0
1884,2021-07-15 11:14:48,1414.0,125719.0
1885,2021-07-15 11:14:46,1414.1,125699.0
1886,2021-07-15 11:14:44,1414.0,125662.0
1887,2021-07-15 11:14:42,1414.1,125630.0
1888,2021-07-15 11:14:38,1414.1,125544.0
1889,2021-07-15 11:14:33,1414.9,125471.0
1890,2021-07-15 11:14:31,1414.5,125451.0
1891,2021-07-15 11:14:29,1414.5,125426.0
1892,2021-07-15 11:14:27,1415.0,125341.0
1893,2021-07-15 11:14:22,1415.0,125285.0
1894,2021-07-15 11:14:17,1415.2,125211.0
1895,2021-07-15 11:14:13,1415.2,125182.0
1896,2021-07-15 11:14:09,1415.5,125181.0
1897,2021-07-15 11:14:07,1415.2,125176.0
1898,2021-07-15 11:14:05,1415.6,125142.0
1899,2021-07-15 11:14:02,1415.6,125112.0
1900,2021-07-15 11:14:00,1415.6,125100.0
1901,2021-07-15 11:13:58,1415.5,125058.0
1902,2021-07-15 11:13:55,1415.7,125043.0
1903,2021-07-15 11:13:53,1415.7,125032.0
1904,2021-07-15 11:13:50,1415.7,125010.0
1905,2021-07-15 11:13:48,1415.5,124977.0
1906,2021-07-15 11:13:45,1415.4,124916.0
1907,2021-07-15 11:13:43,1415.2,124912.0
1908,2021-07-15 11:13:41,1415.5,124899.0
1909,2021-07-15 11:13:39,1415.5,124876.0
1910,2021-07-15 11:13:37,1415.4,124860.0
1911,2021-07-15 11:13:35,1415.2,124859.0
1912,2021-07-15 11:13:33,1415.5,124852.0
1913,2021-07-15 11:13:31,1415.5,124845.0
1914,2021-07-15 11:13:29,1415.1,124837.0
1915,2021-07-15 11:13:27,1415.4,124828.0
1916,2021-07-15 11:13:25,1415.2,124798.0
1917,2021-07-15 11:13:22,1415.2,124772.0
1918,2021-07-15 11:13:20,1415.2,124755.0
1919,2021-07-15 11:13:18,1415.5,124746.0
1920,2021-07-15 11:13:15,1415.4,124712.0
1921,2021-07-15 11:13:13,1415.5,124679.0
1922,2021-07-15 11:13:11,1415.5,124665.0
1923,2021-07-15 11:13:09,1415.5,124662.0
1924,2021-07-15 11:13:07,1415.5,124620.0
1925,2021-07-15 11:13:05,1415.5,124608.0
1926,2021-07-15 11:13:02,1415.5,124597.0
1927,2021-07-15 11:13:00,1415.1,124593.0
1928,2021-07-15 11:12:58,1415.5,124500.0
1929,2021-07-15 11:12:56,1415.9,124496.0
1930,2021-07-15 11:12:54,1415.9,124478.0
1931,2021-07-15 11:12:52,1415.9,124457.0
1932,2021-07-15 11:12:48,1416.0,124340.0
1933,2021-07-15 11:12:44,1416.0,124289.0
1934,2021-07-15 11:12:38,1416.0,124255.0
1935,2021-07-15 11:12:36,1416.2,124213.0
1936,2021-07-15 11:12:34,1416.0,124203.0
1937,2021-07-15 11:12:32,1416.0,124115.0
1938,2021-07-15 11:12:29,1416.3,124070.0
1939,2021-07-15 11:12:27,1416.0,124056.0
1940,2021-07-15 11:12:25,1416.3,123986.0
1941,2021-07-15 11:12:23,1416.3,123963.0
1942,2021-07-15 11:12:21,1416.0,123936.0
1943,2021-07-15 11:12:19,1416.3,123929.0
1944,2021-07-15 11:12:17,1416.0,123897.0
1945,2021-07-15 11:12:15,1416.0,123868.0
1946,2021-07-15 11:12:13,1416.4,123843.0
1947,2021-07-15 11:12:11,1415.9,123743.0
1948,2021-07-15 11:12:08,1415.7,123741.0
1949,2021-07-15 11:12:06,1416.0,123732.0
1950,2021-07-15 11:12:04,1415.9,123592.0
1951,2021-07-15 11:12:02,1415.0,123569.0
1952,2021-07-15 11:12:00,1415.4,123487.0
1953,2021-07-15 11:11:58,1415.4,123447.0
1954,2021-07-15 11:11:56,1415.4,123433.0
1955,2021-07-15 11:11:54,1415.4,123413.0
1956,2021-07-15 11:11:52,1415.4,123303.0
1957,2021-07-15 11:11:50,1415.4,123289.0
1958,2021-07-15 11:11:48,1416.0,123246.0
1959,2021-07-15 11:11:46,1415.4,123204.0
1960,2021-07-15 11:11:43,1415.2,123163.0
1961,2021-07-15 11:11:41,1416.0,123124.0
1962,2021-07-15 11:11:39,1415.4,122892.0
1963,2021-07-15 11:11:37,1415.4,122857.0
1964,2021-07-15 11:11:35,1414.5,122841.0
1965,2021-07-15 11:11:33,1415.4,122807.0
1966,2021-07-15 11:11:31,1414.9,122769.0
1967,2021-07-15 11:11:29,1414.2,122751.0
1968,2021-07-15 11:11:27,1414.0,122739.0
1969,2021-07-15 11:11:25,1414.6,122716.0
1970,2021-07-15 11:11:23,1414.2,122693.0
1971,2021-07-15 11:11:21,1414.0,122685.0
1972,2021-07-15 11:11:19,1413.5,122613.0
1973,2021-07-15 11:11:17,1413.3,122598.0
1974,2021-07-15 11:11:15,1413.5,122591.0
1975,2021-07-15 11:11:12,1413.3,122547.0
1976,2021-07-15 11:11:10,1413.2,122532.0
1977,2021-07-15 11:11:09,1413.3,122526.0
1978,2021-07-15 11:11:05,1413.3,122484.0
1979,2021-07-15 11:11:01,1413.2,122422.0
1980,2021-07-15 11:10:55,1413.3,122385.0
1981,2021-07-15 11:10:52,1413.3,122289.0
1982,2021-07-15 11:10:48,1413.1,122235.0
1983,2021-07-15 11:10:44,1413.5,122176.0
1984,2021-07-15 11:10:37,1413.8,122124.0
1985,2021-07-15 11:10:35,1413.9,122044.0
1986,2021-07-15 11:10:33,1413.9,122014.0
1987,2021-07-15 11:10:29,1413.5,121871.0
1988,2021-07-15 11:10:24,1413.9,121782.0
1989,2021-07-15 11:10:20,1413.5,121707.0
1990,2021-07-15 11:10:17,1414.0,121695.0
1991,2021-07-15 11:10:15,1414.1,121660.0
1992,2021-07-15 11:10:12,1414.1,121627.0
1993,2021-07-15 11:10:10,1414.5,121485.0
1994,2021-07-15 11:10:08,1414.5,121459.0
1995,2021-07-15 11:10:06,1414.6,121449.0
1996,2021-07-15 11:10:04,1414.6,121438.0
1997,2021-07-15 11:10:02,1414.6,121424.0
1998,2021-07-15 11:09:58,1414.7,121369.0
1999,2021-07-15 11:09:56,1415.0,121325.0
2000,2021-07-15 11:09:54,1414.8,121312.0
2001,2021-07-15 11:09:52,1415.0,121298.0
2002,2021-07-15 11:09:50,1415.1,121283.0
2003,2021-07-15 11:09:48,1415.0,121274.0
2004,2021-07-15 11:09:46,1415.2,121261.0
2005,2021-07-15 11:09:44,1415.0,121239.0
2006,2021-07-15 11:09:37,1415.2,120867.0
2007,2021-07-15 11:09:33,1415.0,120844.0
2008,2021-07-15 11:09:29,1415.5,120804.0
2009,2021-07-15 11:09:23,1415.5,120772.0
2010,2021-07-15 11:09:21,1415.8,120687.0
2011,2021-07-15 11:09:18,1415.8,120686.0
2012,2021-07-15 11:09:13,1415.0,120549.0
2013,2021-07-15 11:09:09,1415.5,120523.0
2014,2021-07-15 11:09:07,1415.0,120445.0
2015,2021-07-15 11:09:02,1415.0,120411.0
2016,2021-07-15 11:08:58,1415.0,120395.0
2017,2021-07-15 11:08:53,1414.8,120384.0
2018,2021-07-15 11:08:51,1414.8,120381.0
2019,2021-07-15 11:08:50,1414.8,120362.0
2020,2021-07-15 11:08:48,1415.0,120336.0
2021,2021-07-15 11:08:44,1414.8,120313.0
2022,2021-07-15 11:08:39,1414.5,120196.0
2023,2021-07-15 11:08:35,1414.9,120057.0
2024,2021-07-15 11:08:31,1414.5,120022.0
2025,2021-07-15 11:08:27,1414.3,119987.0
2026,2021-07-15 11:08:25,1414.4,119923.0
2027,2021-07-15 11:08:23,1414.5,119895.0
2028,2021-07-15 11:08:19,1414.2,119881.0
2029,2021-07-15 11:08:17,1414.2,119869.0
2030,2021-07-15 11:08:15,1414.4,119842.0
2031,2021-07-15 11:08:13,1414.2,119839.0
2032,2021-07-15 11:08:11,1414.7,119804.0
2033,2021-07-15 11:08:07,1414.4,119790.0
2034,2021-07-15 11:08:05,1414.5,119783.0
2035,2021-07-15 11:08:03,1414.5,119767.0
2036,2021-07-15 11:08:01,1414.5,119762.0
2037,2021-07-15 11:07:58,1414.1,119741.0
2038,2021-07-15 11:07:56,1414.9,119736.0
2039,2021-07-15 11:07:54,1414.9,119672.0
2040,2021-07-15 11:07:52,1414.9,119621.0
2041,2021-07-15 11:07:51,1414.9,119609.0
2042,2021-07-15 11:07:48,1414.8,119600.0
2043,2021-07-15 11:07:46,1414.8,119591.0
2044,2021-07-15 11:07:45,1414.8,119586.0
2045,2021-07-15 11:07:43,1414.8,119484.0
2046,2021-07-15 11:07:41,1414.8,119457.0
2047,2021-07-15 11:07:38,1414.6,119396.0
2048,2021-07-15 11:07:36,1414.8,119377.0
2049,2021-07-15 11:07:35,1414.8,119346.0
2050,2021-07-15 11:07:33,1414.6,119301.0
2051,2021-07-15 11:07:31,1414.8,119298.0
2052,2021-07-15 11:07:29,1414.5,119252.0
2053,2021-07-15 11:07:27,1414.8,119206.0
2054,2021-07-15 11:07:25,1414.0,119127.0
2055,2021-07-15 11:07:23,1414.1,119087.0
2056,2021-07-15 11:07:21,1414.3,119045.0
2057,2021-07-15 11:07:19,1414.5,119032.0
2058,2021-07-15 11:07:17,1415.0,119002.0
2059,2021-07-15 11:07:15,1415.0,118932.0
2060,2021-07-15 11:07:13,1415.0,118904.0
2061,2021-07-15 11:07:11,1415.0,118860.0
2062,2021-07-15 11:07:09,1415.5,118809.0
2063,2021-07-15 11:07:02,1415.6,118586.0
2064,2021-07-15 11:06:59,1415.9,118479.0
2065,2021-07-15 11:06:57,1415.9,118473.0
2066,2021-07-15 11:06:54,1415.6,118262.0
2067,2021-07-15 11:06:52,1415.5,118182.0
2068,2021-07-15 11:06:50,1416.5,118037.0
2069,2021-07-15 11:06:49,1415.1,117810.0
2070,2021-07-15 11:06:47,1415.6,117657.0
2071,2021-07-15 11:06:45,1415.1,117577.0
2072,2021-07-15 11:06:43,1415.0,117416.0
2073,2021-07-15 11:06:41,1414.5,117221.0
2074,2021-07-15 11:06:39,1414.5,117101.0
2075,2021-07-15 11:06:37,1413.7,117081.0
2076,2021-07-15 11:06:35,1413.7,117015.0
2077,2021-07-15 11:06:33,1413.5,117008.0
2078,2021-07-15 11:06:31,1413.6,116961.0
2079,2021-07-15 11:06:29,1413.5,116880.0
2080,2021-07-15 11:06:27,1413.3,116870.0
2081,2021-07-15 11:06:25,1413.8,116806.0
2082,2021-07-15 11:06:23,1413.5,116715.0
2083,2021-07-15 11:06:20,1413.3,116689.0
2084,2021-07-15 11:06:18,1413.5,116634.0
2085,2021-07-15 11:06:16,1413.6,116562.0
2086,2021-07-15 11:06:15,1413.3,116508.0
2087,2021-07-15 11:06:13,1413.5,116436.0
2088,2021-07-15 11:06:11,1414.0,116380.0
2089,2021-07-15 11:06:08,1413.5,116368.0
2090,2021-07-15 11:06:06,1413.8,116284.0
2091,2021-07-15 11:06:04,1413.6,116200.0
2092,2021-07-15 11:06:02,1413.9,116123.0
2093,2021-07-15 11:06:00,1413.9,116038.0
2094,2021-07-15 11:05:58,1414.0,115753.0
2095,2021-07-15 11:05:56,1414.0,115689.0
2096,2021-07-15 11:05:54,1413.9,115599.0
2097,2021-07-15 11:05:52,1413.1,115546.0
2098,2021-07-15 11:05:50,1413.6,115531.0
2099,2021-07-15 11:05:46,1412.7,115361.0
2100,2021-07-15 11:05:41,1412.9,115280.0
2101,2021-07-15 11:05:33,1411.9,115044.0
2102,2021-07-15 11:05:29,1411.9,115000.0
2103,2021-07-15 11:05:23,1411.9,114930.0
2104,2021-07-15 11:05:21,1411.9,114925.0
2105,2021-07-15 11:05:19,1411.9,114831.0
2106,2021-07-15 11:05:13,1411.9,114750.0
2107,2021-07-15 11:05:09,1411.8,114683.0
2108,2021-07-15 11:05:02,1411.2,114474.0
2109,2021-07-15 11:04:58,1411.0,114433.0
2110,2021-07-15 11:04:54,1411.0,114348.0
2111,2021-07-15 11:04:48,1410.8,114215.0
2112,2021-07-15 11:04:46,1410.6,114204.0
2113,2021-07-15 11:04:44,1410.6,114192.0
2114,2021-07-15 11:04:38,1409.9,114132.0
2115,2021-07-15 11:04:36,1409.7,114130.0
2116,2021-07-15 11:04:35,1409.5,114125.0
2117,2021-07-15 11:04:33,1409.5,114122.0
2118,2021-07-15 11:04:29,1410.4,114108.0
2119,2021-07-15 11:04:25,1409.7,114091.0
2120,2021-07-15 11:04:23,1409.5,114089.0
2121,2021-07-15 11:04:19,1409.7,114042.0
2122,2021-07-15 11:04:17,1409.8,114033.0
2123,2021-07-15 11:04:13,1409.7,114032.0
2124,2021-07-15 11:04:09,1409.7,114017.0
2125,2021-07-15 11:04:07,1409.7,114009.0
2126,2021-07-15 11:04:05,1410.5,114006.0
2127,2021-07-15 11:04:03,1410.0,113973.0
2128,2021-07-15 11:04:00,1409.9,113913.0
2129,2021-07-15 11:03:58,1409.9,113886.0
2130,2021-07-15 11:03:56,1410.2,113883.0
2131,2021-07-15 11:03:54,1410.2,113863.0
2132,2021-07-15 11:03:52,1410.2,113855.0
2133,2021-07-15 11:03:50,1410.0,113847.0
2134,2021-07-15 11:03:48,1410.2,113836.0
2135,2021-07-15 11:03:44,1410.2,113817.0
2136,2021-07-15 11:03:41,1410.0,113800.0
2137,2021-07-15 11:03:37,1409.4,113766.0
2138,2021-07-15 11:03:33,1410.2,113737.0
2139,2021-07-15 11:03:27,1410.5,113672.0
2140,2021-07-15 11:03:23,1410.0,113661.0
2141,2021-07-15 11:03:19,1410.4,113637.0
2142,2021-07-15 11:03:16,1409.3,113576.0
2143,2021-07-15 11:03:14,1409.8,113570.0
2144,2021-07-15 11:03:10,1409.6,113567.0
2145,2021-07-15 11:03:06,1409.8,113551.0
2146,2021-07-15 11:03:02,1409.2,113511.0
2147,2021-07-15 11:02:57,1409.2,113490.0
2148,2021-07-15 11:02:53,1409.4,113461.0
2149,2021-07-15 11:02:51,1409.8,113449.0
2150,2021-07-15 11:02:49,1409.5,113442.0
2151,2021-07-15 11:02:46,1409.2,113412.0
2152,2021-07-15 11:02:41,1408.3,113362.0
2153,2021-07-15 11:02:37,1408.1,113307.0
2154,2021-07-15 11:02:34,1408.7,113301.0
2155,2021-07-15 11:02:32,1408.1,113216.0
2156,2021-07-15 11:02:29,1408.2,113196.0
2157,2021-07-15 11:02:27,1408.2,113165.0
2158,2021-07-15 11:02:22,1408.1,113087.0
2159,2021-07-15 11:02:20,1409.0,112982.0
2160,2021-07-15 11:02:17,1408.6,112915.0
2161,2021-07-15 11:02:15,1409.0,112902.0
2162,2021-07-15 11:02:13,1408.1,112899.0
2163,2021-07-15 11:02:11,1408.6,112790.0
2164,2021-07-15 11:02:09,1409.0,112760.0
2165,2021-07-15 11:02:07,1409.0,112702.0
2166,2021-07-15 11:02:05,1409.2,112673.0
2167,2021-07-15 11:02:02,1409.2,112656.0
2168,2021-07-15 11:02:00,1409.0,112640.0
2169,2021-07-15 11:01:58,1409.8,112590.0
2170,2021-07-15 11:01:56,1409.0,112567.0
2171,2021-07-15 11:01:55,1409.5,112481.0
2172,2021-07-15 11:01:51,1409.5,112464.0
2173,2021-07-15 11:01:49,1409.6,112463.0
2174,2021-07-15 11:01:46,1409.5,112462.0
2175,2021-07-15 11:01:44,1409.5,112458.0
2176,2021-07-15 11:01:42,1410.0,112457.0
2177,2021-07-15 11:01:40,1409.5,112435.0
2178,2021-07-15 11:01:39,1409.9,112432.0
2179,2021-07-15 11:01:37,1410.0,112427.0
2180,2021-07-15 11:01:34,1410.0,112425.0
2181,2021-07-15 11:01:33,1409.5,112417.0
2182,2021-07-15 11:01:28,1410.0,112406.0
2183,2021-07-15 11:01:26,1410.0,112400.0
2184,2021-07-15 11:01:25,1410.0,112398.0
2185,2021-07-15 11:01:22,1410.1,112396.0
2186,2021-07-15 11:01:21,1410.0,112394.0
2187,2021-07-15 11:01:19,1410.0,112391.0
2188,2021-07-15 11:01:17,1410.2,112387.0
2189,2021-07-15 11:01:15,1410.0,112376.0
2190,2021-07-15 11:01:08,1410.4,112280.0
2191,2021-07-15 11:01:06,1410.0,112255.0
2192,2021-07-15 11:01:05,1410.1,112248.0
2193,2021-07-15 11:01:03,1410.0,112240.0
2194,2021-07-15 11:01:01,1410.0,112230.0
2195,2021-07-15 11:00:59,1410.0,112229.0
2196,2021-07-15 11:00:57,1410.0,112224.0
2197,2021-07-15 11:00:55,1410.0,112220.0
2198,2021-07-15 11:00:53,1410.0,112218.0
2199,2021-07-15 11:00:50,1410.0,112209.0
2200,2021-07-15 11:00:48,1409.7,112208.0
2201,2021-07-15 11:00:47,1410.2,112187.0
2202,2021-07-15 11:00:45,1410.1,112174.0
2203,2021-07-15 11:00:43,1409.8,112168.0
2204,2021-07-15 11:00:41,1410.1,112165.0
2205,2021-07-15 11:00:37,1410.0,112158.0
2206,2021-07-15 11:00:34,1410.0,112149.0
2207,2021-07-15 11:00:32,1410.0,112144.0
2208,2021-07-15 11:00:31,1410.0,112140.0
2209,2021-07-15 11:00:29,1410.0,112136.0
2210,2021-07-15 11:00:27,1410.1,112134.0
2211,2021-07-15 11:00:25,1410.2,112124.0
2212,2021-07-15 11:00:23,1410.0,112099.0
2213,2021-07-15 11:00:21,1410.5,112083.0
2214,2021-07-15 11:00:19,1410.4,112080.0
2215,2021-07-15 11:00:17,1410.2,112074.0
2216,2021-07-15 11:00:15,1410.4,112064.0
2217,2021-07-15 11:00:13,1410.0,112041.0
2218,2021-07-15 11:00:11,1410.5,112015.0
2219,2021-07-15 11:00:07,1410.5,111989.0
2220,2021-07-15 11:00:05,1410.5,111909.0
2221,2021-07-15 11:00:03,1410.3,111872.0
2222,2021-07-15 11:00:01,1410.5,111854.0
2223,2021-07-15 10:59:57,1410.5,111851.0
2224,2021-07-15 10:59:55,1410.9,111846.0
2225,2021-07-15 10:59:53,1410.0,111822.0
2226,2021-07-15 10:59:51,1410.9,111815.0
2227,2021-07-15 10:59:49,1410.3,111749.0
2228,2021-07-15 10:59:47,1410.9,111748.0
2229,2021-07-15 10:59:45,1410.2,111737.0
2230,2021-07-15 10:59:43,1409.5,111674.0
2231,2021-07-15 10:59:41,1409.6,111666.0
2232,2021-07-15 10:59:39,1409.5,111665.0
2233,2021-07-15 10:59:37,1409.5,111654.0
2234,2021-07-15 10:59:35,1410.0,111653.0
2235,2021-07-15 10:59:33,1409.6,111622.0
2236,2021-07-15 10:59:30,1410.0,111603.0
2237,2021-07-15 10:59:28,1410.0,111571.0
2238,2021-07-15 10:59:24,1410.0,111570.0
2239,2021-07-15 10:59:22,1410.9,111568.0
2240,2021-07-15 10:59:20,1409.4,111542.0
2241,2021-07-15 10:59:18,1410.9,111529.0
2242,2021-07-15 10:59:17,1410.0,111484.0
2243,2021-07-15 10:59:15,1409.0,111442.0
2244,2021-07-15 10:59:13,1409.4,111417.0
2245,2021-07-15 10:59:09,1409.4,111387.0
2246,2021-07-15 10:59:06,1409.4,111365.0
2247,2021-07-15 10:59:05,1409.4,111364.0
2248,2021-07-15 10:59:03,1408.4,111293.0
2249,2021-07-15 10:58:59,1409.0,111275.0
2250,2021-07-15 10:58:52,1408.9,111118.0
2251,2021-07-15 10:58:48,1409.0,111049.0
2252,2021-07-15 10:58:44,1408.8,111010.0
2253,2021-07-15 10:58:40,1409.2,110983.0
2254,2021-07-15 10:58:34,1408.5,110972.0
2255,2021-07-15 10:58:31,1409.0,110924.0
2256,2021-07-15 10:58:29,1409.0,110881.0
2257,2021-07-15 10:58:27,1408.5,110717.0
2258,2021-07-15 10:58:21,1408.0,110449.0
2259,2021-07-15 10:58:15,1408.2,110331.0
2260,2021-07-15 10:58:08,1409.0,110200.0
2261,2021-07-15 10:58:06,1409.4,110129.0
2262,2021-07-15 10:58:04,1409.7,110099.0
2263,2021-07-15 10:58:02,1409.7,110088.0
2264,2021-07-15 10:58:01,1410.5,110046.0
2265,2021-07-15 10:57:59,1410.5,110013.0
2266,2021-07-15 10:57:56,1410.4,110003.0
2267,2021-07-15 10:57:54,1410.9,109978.0
2268,2021-07-15 10:57:52,1411.4,109915.0
2269,2021-07-15 10:57:50,1411.4,109904.0
2270,2021-07-15 10:57:49,1411.4,109890.0
2271,2021-07-15 10:57:47,1411.4,109823.0
2272,2021-07-15 10:57:45,1411.6,109791.0
2273,2021-07-15 10:57:42,1411.7,109774.0
2274,2021-07-15 10:57:41,1411.5,109726.0
2275,2021-07-15 10:57:38,1411.4,109706.0
2276,2021-07-15 10:57:34,1411.4,109672.0
2277,2021-07-15 10:57:30,1411.4,109662.0
2278,2021-07-15 10:57:27,1411.7,109635.0
2279,2021-07-15 10:57:23,1411.3,109610.0
2280,2021-07-15 10:57:18,1411.2,109582.0
2281,2021-07-15 10:57:14,1411.0,109516.0
2282,2021-07-15 10:57:12,1410.5,109465.0
2283,2021-07-15 10:57:11,1410.8,109455.0
2284,2021-07-15 10:57:08,1410.6,109449.0
2285,2021-07-15 10:57:06,1410.8,109439.0
2286,2021-07-15 10:57:01,1410.2,109405.0
2287,2021-07-15 10:56:56,1411.0,109347.0
2288,2021-07-15 10:56:54,1410.2,109341.0
2289,2021-07-15 10:56:48,1411.1,109288.0
2290,2021-07-15 10:56:46,1411.6,109245.0
2291,2021-07-15 10:56:42,1411.3,109217.0
2292,2021-07-15 10:56:39,1412.0,109174.0
2293,2021-07-15 10:56:37,1411.7,109169.0
2294,2021-07-15 10:56:35,1411.7,109168.0
2295,2021-07-15 10:56:33,1411.9,109092.0
2296,2021-07-15 10:56:26,1411.6,109058.0
2297,2021-07-15 10:56:24,1412.0,109008.0
2298,2021-07-15 10:56:18,1412.0,108836.0
2299,2021-07-15 10:56:13,1412.0,108725.0
2300,2021-07-15 10:56:11,1412.0,108662.0
2301,2021-07-15 10:56:09,1412.3,108640.0
2302,2021-07-15 10:56:07,1412.3,108612.0
2303,2021-07-15 10:56:04,1412.3,108581.0
2304,2021-07-15 10:56:02,1412.3,108419.0
2305,2021-07-15 10:56:00,1412.5,108378.0
2306,2021-07-15 10:55:58,1412.0,108298.0
2307,2021-07-15 10:55:56,1412.0,108252.0
2308,2021-07-15 10:55:54,1412.0,108201.0
2309,2021-07-15 10:55:52,1411.9,108187.0
2310,2021-07-15 10:55:50,1411.6,108136.0
2311,2021-07-15 10:55:48,1411.6,108093.0
2312,2021-07-15 10:55:46,1411.9,108073.0
2313,2021-07-15 10:55:44,1411.7,108068.0
2314,2021-07-15 10:55:42,1411.3,108036.0
2315,2021-07-15 10:55:41,1411.7,108019.0
2316,2021-07-15 10:55:39,1411.6,108014.0
2317,2021-07-15 10:55:37,1411.5,107978.0
2318,2021-07-15 10:55:35,1411.5,107940.0
2319,2021-07-15 10:55:33,1411.0,107932.0
2320,2021-07-15 10:55:31,1411.2,107922.0
2321,2021-07-15 10:55:29,1411.0,107917.0
2322,2021-07-15 10:55:27,1411.0,107840.0
2323,2021-07-15 10:55:24,1410.5,107822.0
2324,2021-07-15 10:55:23,1410.9,107796.0
2325,2021-07-15 10:55:20,1410.5,107784.0
2326,2021-07-15 10:55:18,1410.5,107747.0
2327,2021-07-15 10:55:16,1410.0,107733.0
2328,2021-07-15 10:55:15,1410.2,107731.0
2329,2021-07-15 10:55:12,1410.0,107725.0
2330,2021-07-15 10:55:10,1409.5,107724.0
2331,2021-07-15 10:55:09,1410.0,107719.0
2332,2021-07-15 10:55:06,1409.5,107633.0
2333,2021-07-15 10:55:03,1409.7,107620.0
2334,2021-07-15 10:55:00,1409.7,107610.0
2335,2021-07-15 10:54:58,1409.2,107608.0
2336,2021-07-15 10:54:56,1409.7,107606.0
2337,2021-07-15 10:54:54,1409.7,107596.0
2338,2021-07-15 10:54:52,1409.3,107586.0
2339,2021-07-15 10:54:50,1409.1,107575.0
2340,2021-07-15 10:54:48,1409.1,107566.0
2341,2021-07-15 10:54:46,1409.2,107564.0
2342,2021-07-15 10:54:44,1409.0,107563.0
2343,2021-07-15 10:54:43,1409.3,107559.0
2344,2021-07-15 10:54:40,1409.3,107556.0
2345,2021-07-15 10:54:38,1409.0,107552.0
2346,2021-07-15 10:54:36,1409.4,107541.0
2347,2021-07-15 10:54:34,1409.0,107528.0
2348,2021-07-15 10:54:32,1409.0,107527.0
2349,2021-07-15 10:54:31,1409.0,107525.0
2350,2021-07-15 10:54:29,1409.0,107519.0
2351,2021-07-15 10:54:26,1408.6,107502.0
2352,2021-07-15 10:54:24,1408.8,107463.0
2353,2021-07-15 10:54:22,1408.6,107436.0
2354,2021-07-15 10:54:21,1408.6,107427.0
2355,2021-07-15 10:54:17,1408.6,107358.0
2356,2021-07-15 10:54:15,1408.6,107348.0
2357,2021-07-15 10:54:13,1408.6,107342.0
2358,2021-07-15 10:54:11,1408.6,107334.0
2359,2021-07-15 10:54:08,1408.9,107320.0
2360,2021-07-15 10:54:06,1408.6,107284.0
2361,2021-07-15 10:54:05,1408.5,107257.0
2362,2021-07-15 10:54:03,1408.6,107254.0
2363,2021-07-15 10:54:01,1409.0,107233.0
2364,2021-07-15 10:53:58,1409.0,107213.0
2365,2021-07-15 10:53:54,1409.2,107173.0
2366,2021-07-15 10:53:52,1409.6,107169.0
2367,2021-07-15 10:53:50,1409.7,107162.0
2368,2021-07-15 10:53:48,1409.6,107151.0
2369,2021-07-15 10:53:46,1409.7,107147.0
2370,2021-07-15 10:53:44,1409.2,107142.0
2371,2021-07-15 10:53:42,1409.9,107138.0
2372,2021-07-15 10:53:40,1409.6,107088.0
2373,2021-07-15 10:53:38,1409.9,107087.0
2374,2021-07-15 10:53:36,1409.7,107068.0
2375,2021-07-15 10:53:31,1410.0,107049.0
2376,2021-07-15 10:53:27,1409.1,106955.0
2377,2021-07-15 10:53:21,1409.0,106865.0
2378,2021-07-15 10:53:16,1409.1,106836.0
2379,2021-07-15 10:53:14,1409.0,106820.0
2380,2021-07-15 10:53:12,1408.9,106811.0
2381,2021-07-15 10:53:10,1408.7,106804.0
2382,2021-07-15 10:53:04,1409.1,106720.0
2383,2021-07-15 10:53:03,1409.2,106675.0
2384,2021-07-15 10:52:56,1409.1,106596.0
2385,2021-07-15 10:52:52,1409.1,106574.0
2386,2021-07-15 10:52:48,1409.1,106549.0
2387,2021-07-15 10:52:46,1409.1,106535.0
2388,2021-07-15 10:52:44,1409.2,106515.0
2389,2021-07-15 10:52:43,1409.2,106504.0
2390,2021-07-15 10:52:38,1410.0,106491.0
2391,2021-07-15 10:52:35,1409.9,106465.0
2392,2021-07-15 10:52:30,1410.0,106420.0
2393,2021-07-15 10:52:26,1410.5,106398.0
2394,2021-07-15 10:52:22,1410.5,106327.0
2395,2021-07-15 10:52:16,1410.7,106299.0
2396,2021-07-15 10:52:14,1410.8,106290.0
2397,2021-07-15 10:52:13,1410.9,106288.0
2398,2021-07-15 10:52:08,1410.8,106269.0
2399,2021-07-15 10:52:06,1410.7,106267.0
2400,2021-07-15 10:52:04,1411.0,106232.0
2401,2021-07-15 10:52:02,1410.8,106228.0
2402,2021-07-15 10:52:01,1411.0,106186.0
2403,2021-07-15 10:51:58,1411.0,106181.0
2404,2021-07-15 10:51:56,1411.0,106169.0
2405,2021-07-15 10:51:54,1410.7,106168.0
2406,2021-07-15 10:51:52,1411.0,106165.0
2407,2021-07-15 10:51:50,1411.0,106158.0
2408,2021-07-15 10:51:48,1410.9,106140.0
2409,2021-07-15 10:51:46,1411.0,106122.0
2410,2021-07-15 10:51:45,1411.0,106112.0
2411,2021-07-15 10:51:43,1411.2,106076.0
2412,2021-07-15 10:51:38,1411.0,106049.0
2413,2021-07-15 10:51:32,1410.7,105977.0
2414,2021-07-15 10:51:29,1411.0,105942.0
2415,2021-07-15 10:51:27,1411.0,105921.0
2416,2021-07-15 10:51:24,1411.2,105859.0
2417,2021-07-15 10:51:21,1411.0,105806.0
2418,2021-07-15 10:51:16,1410.7,105755.0
2419,2021-07-15 10:51:12,1410.9,105738.0
2420,2021-07-15 10:51:06,1410.4,105703.0
2421,2021-07-15 10:51:03,1410.3,105664.0
2422,2021-07-15 10:50:59,1410.4,105638.0
2423,2021-07-15 10:50:57,1410.4,105633.0
2424,2021-07-15 10:50:55,1410.1,105620.0
2425,2021-07-15 10:50:53,1410.4,105601.0
2426,2021-07-15 10:50:48,1410.0,105559.0
2427,2021-07-15 10:50:45,1410.0,105522.0
2428,2021-07-15 10:50:38,1409.9,105496.0
2429,2021-07-15 10:50:36,1409.9,105482.0
2430,2021-07-15 10:50:34,1409.9,105457.0
2431,2021-07-15 10:50:32,1409.9,105445.0
2432,2021-07-15 10:50:30,1409.9,105396.0
2433,2021-07-15 10:50:29,1409.9,105395.0
2434,2021-07-15 10:50:27,1409.9,105340.0
2435,2021-07-15 10:50:25,1409.5,105278.0
2436,2021-07-15 10:50:22,1409.6,105269.0
2437,2021-07-15 10:50:21,1409.7,105217.0
2438,2021-07-15 10:50:19,1409.9,105211.0
2439,2021-07-15 10:50:17,1409.3,105171.0
2440,2021-07-15 10:50:15,1409.5,105126.0
2441,2021-07-15 10:50:12,1409.3,105112.0
2442,2021-07-15 10:50:10,1409.5,105100.0
2443,2021-07-15 10:50:08,1410.0,105080.0
2444,2021-07-15 10:50:07,1409.3,105047.0
2445,2021-07-15 10:50:05,1408.9,104920.0
2446,2021-07-15 10:50:02,1409.0,104899.0
2447,2021-07-15 10:50:00,1408.6,104846.0
2448,2021-07-15 10:49:58,1408.6,104771.0
2449,2021-07-15 10:49:57,1408.7,104724.0
2450,2021-07-15 10:49:55,1408.7,104686.0
2451,2021-07-15 10:49:53,1408.4,104639.0
2452,2021-07-15 10:49:50,1408.7,104611.0
2453,2021-07-15 10:49:48,1408.8,104597.0
2454,2021-07-15 10:49:46,1408.7,104545.0
2455,2021-07-15 10:49:45,1408.7,104506.0
2456,2021-07-15 10:49:43,1408.8,104455.0
2457,2021-07-15 10:49:40,1409.0,104417.0
2458,2021-07-15 10:49:38,1408.7,104321.0
2459,2021-07-15 10:49:37,1409.1,104279.0
2460,2021-07-15 10:49:34,1409.0,104267.0
2461,2021-07-15 10:49:32,1409.3,104207.0
2462,2021-07-15 10:49:30,1409.3,104174.0
2463,2021-07-15 10:49:28,1409.3,104161.0
2464,2021-07-15 10:49:27,1409.7,104150.0
